id,t,s,p,q,date,Symbol
bitstamp,2019-05-17T00:01:07Z,btceur,7058.73,0.09862669,2019-05-17,BTC / EUR
bitstamp,2019-05-17T00:01:08Z,btceur,7058.54,0.00141647,2019-05-17,BTC / EUR
bitstamp,2019-05-17T00:01:08Z,btceur,7058.52,0.00141647,2019-05-17,BTC / EUR
bitstamp,2019-05-17T00:01:08Z,btceur,7058.52,0.00141647,2019-05-17,BTC / EUR
bitstamp,2019-05-17T00:03:07Z,btceur,7060.38,0.02213835,2019-05-17,BTC / EUR
bitstamp,2019-05-17T00:04:25Z,btceur,7060.39,0.00162202,2019-05-17,BTC / EUR
bitstamp,2019-05-17T00:05:41Z,btceur,7070.77,0.06351394,2019-05-17,BTC / EUR
bitstamp,2019-05-17T00:05:56Z,btceur,7078.8,0.00250585,2019-05-17,BTC / EUR
bitstamp,2019-05-17T00:05:59Z,btceur,7072.34,0.05480195,2019-05-17,BTC / EUR
bitstamp,2019-05-17T00:06:07Z,btceur,7077.66,0.0208732,2019-05-17,BTC / EUR
bitstamp,2019-05-17T00:07:27Z,btceur,7099.21,0.13852365,2019-05-17,BTC / EUR
bitstamp,2019-05-17T00:07:27Z,btceur,7099.23,0.00111019,2019-05-17,BTC / EUR
bitstamp,2019-05-17T00:07:27Z,btceur,7100.8,0.43315834,2019-05-17,BTC / EUR
bitstamp,2019-05-17T00:07:28Z,btceur,7100.8,0.12450941,2019-05-17,BTC / EUR
bitstamp,2019-05-17T00:07:28Z,btceur,7100.8,0.01789481,2019-05-17,BTC / EUR
bitstamp,2019-05-17T00:07:29Z,btceur,7102.77,0.0070212,2019-05-17,BTC / EUR
bitstamp,2019-05-17T00:07:39Z,btceur,7087.53,0.0013,2019-05-17,BTC / EUR
bitstamp,2019-05-17T00:12:02Z,btceur,7099.99,0.001344,2019-05-17,BTC / EUR
bitstamp,2019-05-17T00:12:09Z,btceur,7100,0.01404788,2019-05-17,BTC / EUR
bitstamp,2019-05-17T00:14:01Z,btceur,7094.59,0.0068279,2019-05-17,BTC / EUR
bitstamp,2019-05-17T00:14:33Z,btceur,7099.77,0.01334691,2019-05-17,BTC / EUR
bitstamp,2019-05-17T00:15:32Z,btceur,7088.67,0.00796421,2019-05-17,BTC / EUR
bitstamp,2019-05-17T00:15:33Z,btceur,7088.68,0.25896674,2019-05-17,BTC / EUR
bitstamp,2019-05-17T00:15:33Z,btceur,7088.68,0.03103326,2019-05-17,BTC / EUR
bitstamp,2019-05-17T00:15:46Z,btceur,7099.86,0.062,2019-05-17,BTC / EUR
bitstamp,2019-05-17T00:15:46Z,btceur,7099.86,3.637e-05,2019-05-17,BTC / EUR
bitstamp,2019-05-17T00:15:46Z,btceur,7088.68,0.004,2019-05-17,BTC / EUR
bitstamp,2019-05-17T00:15:47Z,btceur,7088.68,0.00061894,2019-05-17,BTC / EUR
bitstamp,2019-05-17T00:15:49Z,btceur,7099.88,0.714,2019-05-17,BTC / EUR
bitstamp,2019-05-17T00:16:13Z,btceur,7088.78,0.02,2019-05-17,BTC / EUR
bitstamp,2019-05-17T00:16:29Z,btceur,7100,0.006,2019-05-17,BTC / EUR
bitstamp,2019-05-17T00:16:47Z,btceur,7094.08,0.14731827,2019-05-17,BTC / EUR
bitstamp,2019-05-17T00:17:35Z,btceur,7089.09,0.00134423,2019-05-17,BTC / EUR
bitstamp,2019-05-17T00:19:05Z,btceur,7093.92,0.00141062,2019-05-17,BTC / EUR
bitstamp,2019-05-17T00:19:31Z,btceur,7085.24,0.069156,2019-05-17,BTC / EUR
bitstamp,2019-05-17T00:20:31Z,btceur,7093.25,0.064,2019-05-17,BTC / EUR
bitstamp,2019-05-17T00:20:32Z,btceur,7093.25,0.041,2019-05-17,BTC / EUR
bitstamp,2019-05-17T00:20:32Z,btceur,7093.25,0.00046928,2019-05-17,BTC / EUR
bitstamp,2019-05-17T00:21:51Z,btceur,7065.1,0.00170443,2019-05-17,BTC / EUR
bitstamp,2019-05-17T00:22:11Z,btceur,7082.92,0.03456044,2019-05-17,BTC / EUR
bitstamp,2019-05-17T00:23:17Z,btceur,7082.94,0.06670539,2019-05-17,BTC / EUR
bitstamp,2019-05-17T00:24:59Z,btceur,7062.35,0.10092484,2019-05-17,BTC / EUR
bitstamp,2019-05-17T00:25:14Z,btceur,7063.47,0.349377,2019-05-17,BTC / EUR
bitstamp,2019-05-17T00:25:17Z,btceur,7063.66,0.54562839,2019-05-17,BTC / EUR
bitstamp,2019-05-17T00:27:15Z,btceur,7065.73,0.22418847,2019-05-17,BTC / EUR
bitstamp,2019-05-17T00:27:15Z,btceur,7066.78,0.04092184,2019-05-17,BTC / EUR
bitstamp,2019-05-17T00:28:11Z,btceur,7071.14,0.01522011,2019-05-17,BTC / EUR
bitstamp,2019-05-17T00:28:55Z,btceur,7076.34,0.00135016,2019-05-17,BTC / EUR
bitstamp,2019-05-17T00:31:12Z,btceur,7076.35,0.3402643,2019-05-17,BTC / EUR
bitstamp,2019-05-17T00:33:22Z,btceur,7092.06,0.05051066,2019-05-17,BTC / EUR
bitstamp,2019-05-17T00:33:34Z,btceur,7084.56,0.13912178,2019-05-17,BTC / EUR
bitstamp,2019-05-17T00:34:16Z,btceur,7097.91,0.05024273,2019-05-17,BTC / EUR
bitstamp,2019-05-17T00:35:50Z,btceur,7087.6,0.00089822,2019-05-17,BTC / EUR
bitstamp,2019-05-17T00:36:05Z,btceur,7099.21,0.1519794,2019-05-17,BTC / EUR
bitstamp,2019-05-17T00:37:26Z,btceur,7099.99,0.00551644,2019-05-17,BTC / EUR
bitstamp,2019-05-17T00:38:19Z,btceur,7088.05,0.01631486,2019-05-17,BTC / EUR
bitstamp,2019-05-17T00:38:33Z,btceur,7099.47,0.048,2019-05-17,BTC / EUR
bitstamp,2019-05-17T00:38:34Z,btceur,7099.47,0.011,2019-05-17,BTC / EUR
bitstamp,2019-05-17T00:38:35Z,btceur,7099.5,0.00037917,2019-05-17,BTC / EUR
bitstamp,2019-05-17T00:40:10Z,btceur,7078.9,0.00244499,2019-05-17,BTC / EUR
bitstamp,2019-05-17T00:41:09Z,btceur,7078.9,0.002,2019-05-17,BTC / EUR
bitstamp,2019-05-17T00:41:09Z,btceur,7078.9,4.813e-05,2019-05-17,BTC / EUR
bitstamp,2019-05-17T00:42:14Z,btceur,7082.83,0.02648232,2019-05-17,BTC / EUR
bitstamp,2019-05-17T00:44:35Z,btceur,7076.35,0.013,2019-05-17,BTC / EUR
bitstamp,2019-05-17T00:44:40Z,btceur,7076.35,0.00099026,2019-05-17,BTC / EUR
bitstamp,2019-05-17T00:46:25Z,btceur,7084.56,0.02525147,2019-05-17,BTC / EUR
bitstamp,2019-05-17T00:46:27Z,btceur,7087.6,0.00921892,2019-05-17,BTC / EUR
bitstamp,2019-05-17T00:46:27Z,btceur,7095.78,0.15106473,2019-05-17,BTC / EUR
bitstamp,2019-05-17T00:47:55Z,btceur,7098.64,0.00551749,2019-05-17,BTC / EUR
bitstamp,2019-05-17T00:48:09Z,btceur,7086.37,0.00161866,2019-05-17,BTC / EUR
bitstamp,2019-05-17T00:49:56Z,btceur,7089.34,0.02501986,2019-05-17,BTC / EUR
bitstamp,2019-05-17T00:50:13Z,btceur,7093.43,0.02760905,2019-05-17,BTC / EUR
bitstamp,2019-05-17T00:50:45Z,btceur,7079.18,0.01431562,2019-05-17,BTC / EUR
bitstamp,2019-05-17T00:51:04Z,btceur,7080.08,0.11784239,2019-05-17,BTC / EUR
bitstamp,2019-05-17T00:52:18Z,btceur,7075,0.00254398,2019-05-17,BTC / EUR
bitstamp,2019-05-17T00:53:29Z,btceur,7052.5,0.00126999,2019-05-17,BTC / EUR
bitstamp,2019-05-17T00:53:36Z,btceur,7052.5,0.2,2019-05-17,BTC / EUR
bitstamp,2019-05-17T00:53:39Z,btceur,7052.5,0.388,2019-05-17,BTC / EUR
bitstamp,2019-05-17T00:53:40Z,btceur,7052.5,0.00126999,2019-05-17,BTC / EUR
bitstamp,2019-05-17T00:53:40Z,btceur,7052.5,0.00126999,2019-05-17,BTC / EUR
bitstamp,2019-05-17T00:53:41Z,btceur,7052.5,0.00126999,2019-05-17,BTC / EUR
bitstamp,2019-05-17T00:53:41Z,btceur,7052.5,0.00126999,2019-05-17,BTC / EUR
bitstamp,2019-05-17T00:53:42Z,btceur,7052.5,0.00126999,2019-05-17,BTC / EUR
bitstamp,2019-05-17T00:53:42Z,btceur,7052.5,0.04031637,2019-05-17,BTC / EUR
bitstamp,2019-05-17T00:53:42Z,btceur,7052.5,0.00126999,2019-05-17,BTC / EUR
bitstamp,2019-05-17T00:53:43Z,btceur,7052.5,0.00126999,2019-05-17,BTC / EUR
bitstamp,2019-05-17T00:53:43Z,btceur,7052.5,0.00126999,2019-05-17,BTC / EUR
bitstamp,2019-05-17T00:53:43Z,btceur,7052.5,0.00126999,2019-05-17,BTC / EUR
bitstamp,2019-05-17T00:53:44Z,btceur,7052.5,0.00126999,2019-05-17,BTC / EUR
bitstamp,2019-05-17T00:53:44Z,btceur,7052.5,0.00126999,2019-05-17,BTC / EUR
bitstamp,2019-05-17T00:53:45Z,btceur,7052.5,0.00126999,2019-05-17,BTC / EUR
bitstamp,2019-05-17T00:53:45Z,btceur,7052.5,0.00126999,2019-05-17,BTC / EUR
bitstamp,2019-05-17T00:53:46Z,btceur,7052.5,0.00126999,2019-05-17,BTC / EUR
bitstamp,2019-05-17T00:53:46Z,btceur,7052.5,0.20225303,2019-05-17,BTC / EUR
bitstamp,2019-05-17T00:54:07Z,btceur,7065.35,0.18303554,2019-05-17,BTC / EUR
bitstamp,2019-05-17T00:54:08Z,btceur,7065.37,0.01196446,2019-05-17,BTC / EUR
bitstamp,2019-05-17T00:58:43Z,btceur,7055.95,0.0134298,2019-05-17,BTC / EUR
bitstamp,2019-05-17T01:05:13Z,btceur,7049.43,0.06936742,2019-05-17,BTC / EUR
bitstamp,2019-05-17T01:05:21Z,btceur,7043.96,0.0009228,2019-05-17,BTC / EUR
bitstamp,2019-05-17T01:05:30Z,btceur,7035.94,0.00093016,2019-05-17,BTC / EUR
bitstamp,2019-05-17T01:05:30Z,btceur,7035.42,0.22206984,2019-05-17,BTC / EUR
bitstamp,2019-05-17T01:05:31Z,btceur,7035.42,0.00177696,2019-05-17,BTC / EUR
bitstamp,2019-05-17T01:05:33Z,btceur,7033.36,0.00096344,2019-05-17,BTC / EUR
bitstamp,2019-05-17T01:05:35Z,btceur,7032.53,0.27489449,2019-05-17,BTC / EUR
bitstamp,2019-05-17T01:05:35Z,btceur,7028.67,0.55158952,2019-05-17,BTC / EUR
bitstamp,2019-05-17T01:06:23Z,btceur,7050.44,0.00280281,2019-05-17,BTC / EUR
bitstamp,2019-05-17T01:07:25Z,btceur,7036.38,0.0045188,2019-05-17,BTC / EUR
bitstamp,2019-05-17T01:07:32Z,btceur,7036.26,0.01172614,2019-05-17,BTC / EUR
bitstamp,2019-05-17T01:09:01Z,btceur,7039.76,0.25758412,2019-05-17,BTC / EUR
bitstamp,2019-05-17T01:09:01Z,btceur,7039.75,0.66004771,2019-05-17,BTC / EUR
bitstamp,2019-05-17T01:09:02Z,btceur,7037.7,0.00098594,2019-05-17,BTC / EUR
bitstamp,2019-05-17T01:09:03Z,btceur,7032.87,0.19,2019-05-17,BTC / EUR
bitstamp,2019-05-17T01:09:10Z,btceur,7028.73,0.5573201,2019-05-17,BTC / EUR
bitstamp,2019-05-17T01:09:37Z,btceur,7019.23,0.001,2019-05-17,BTC / EUR
bitstamp,2019-05-17T01:09:38Z,btceur,7019.23,0.00011019,2019-05-17,BTC / EUR
bitstamp,2019-05-17T01:09:39Z,btceur,7015.26,0.04977864,2019-05-17,BTC / EUR
bitstamp,2019-05-17T01:09:42Z,btceur,7015.25,0.001,2019-05-17,BTC / EUR
bitstamp,2019-05-17T01:09:48Z,btceur,7015.25,0.00016682,2019-05-17,BTC / EUR
bitstamp,2019-05-17T01:09:50Z,btceur,7007.67,0.23668434,2019-05-17,BTC / EUR
bitstamp,2019-05-17T01:09:50Z,btceur,7004.75,0.676,2019-05-17,BTC / EUR
bitstamp,2019-05-17T01:09:51Z,btceur,7004.7,0.00131978,2019-05-17,BTC / EUR
bitstamp,2019-05-17T01:09:52Z,btceur,7004.55,0.19868022,2019-05-17,BTC / EUR
bitstamp,2019-05-17T01:10:36Z,btceur,7003.8,0.03732214,2019-05-17,BTC / EUR
bitstamp,2019-05-17T01:11:12Z,btceur,7003.76,0.002,2019-05-17,BTC / EUR
bitstamp,2019-05-17T01:11:12Z,btceur,7003.76,0.00050631,2019-05-17,BTC / EUR
bitstamp,2019-05-17T01:11:13Z,btceur,7002.17,0.001,2019-05-17,BTC / EUR
bitstamp,2019-05-17T01:11:14Z,btceur,7002.17,0.00032212,2019-05-17,BTC / EUR
bitstamp,2019-05-17T01:11:15Z,btceur,7000,0.02097571,2019-05-17,BTC / EUR
bitstamp,2019-05-17T01:11:15Z,btceur,7000,0.00202429,2019-05-17,BTC / EUR
bitstamp,2019-05-17T01:11:16Z,btceur,7000,0.00097571,2019-05-17,BTC / EUR
bitstamp,2019-05-17T01:11:18Z,btceur,6992,0.03457113,2019-05-17,BTC / EUR
bitstamp,2019-05-17T01:11:18Z,btceur,6992,0.96542887,2019-05-17,BTC / EUR
bitstamp,2019-05-17T01:11:20Z,btceur,6990.38,0.00112018,2019-05-17,BTC / EUR
bitstamp,2019-05-17T01:11:20Z,btceur,6988.57,0.13887982,2019-05-17,BTC / EUR
bitstamp,2019-05-17T01:11:25Z,btceur,6988.57,0.55227231,2019-05-17,BTC / EUR
bitstamp,2019-05-17T01:11:41Z,btceur,6998.62,0.26,2019-05-17,BTC / EUR
bitstamp,2019-05-17T01:11:41Z,btceur,6998.63,0.04880879,2019-05-17,BTC / EUR
bitstamp,2019-05-17T01:11:42Z,btceur,6998.63,0.15660401,2019-05-17,BTC / EUR
bitstamp,2019-05-17T01:11:42Z,btceur,7002.71,0.4,2019-05-17,BTC / EUR
bitstamp,2019-05-17T01:11:42Z,btceur,7002.71,0.4,2019-05-17,BTC / EUR
bitstamp,2019-05-17T01:11:42Z,btceur,7002.71,0.318,2019-05-17,BTC / EUR
bitstamp,2019-05-17T01:11:48Z,btceur,7002.71,0.00127768,2019-05-17,BTC / EUR
bitstamp,2019-05-17T01:11:49Z,btceur,7002.71,0.00127768,2019-05-17,BTC / EUR
bitstamp,2019-05-17T01:11:49Z,btceur,7002.71,0.00127768,2019-05-17,BTC / EUR
bitstamp,2019-05-17T01:11:52Z,btceur,7002.71,0.54,2019-05-17,BTC / EUR
bitstamp,2019-05-17T01:11:57Z,btceur,7002.71,2.707e-05,2019-05-17,BTC / EUR
bitstamp,2019-05-17T01:11:57Z,btceur,7003.42,1.10997293,2019-05-17,BTC / EUR
bitstamp,2019-05-17T01:12:00Z,btceur,7003.42,0.00625345,2019-05-17,BTC / EUR
bitstamp,2019-05-17T01:12:56Z,btceur,7018.64,0.02812087,2019-05-17,BTC / EUR
bitstamp,2019-05-17T01:13:46Z,btceur,7014.38,0.00470177,2019-05-17,BTC / EUR
bitstamp,2019-05-17T01:13:55Z,btceur,7010.96,0.01843862,2019-05-17,BTC / EUR
bitstamp,2019-05-17T01:15:05Z,btceur,7028.69,0.06186493,2019-05-17,BTC / EUR
bitstamp,2019-05-17T01:15:11Z,btceur,7014.84,0.09862669,2019-05-17,BTC / EUR
bitstamp,2019-05-17T01:18:07Z,btceur,7026.13,0.834,2019-05-17,BTC / EUR
bitstamp,2019-05-17T01:18:24Z,btceur,7026.16,0.166,2019-05-17,BTC / EUR
bitstamp,2019-05-17T01:20:10Z,btceur,7011.78,0.00124802,2019-05-17,BTC / EUR
bitstamp,2019-05-17T01:21:47Z,btceur,7008.07,0.00325845,2019-05-17,BTC / EUR
bitstamp,2019-05-17T01:22:10Z,btceur,7008.51,0.70018092,2019-05-17,BTC / EUR
bitstamp,2019-05-17T01:22:10Z,btceur,7003.18,0.29881908,2019-05-17,BTC / EUR
bitstamp,2019-05-17T01:22:31Z,btceur,7011.25,0.007,2019-05-17,BTC / EUR
bitstamp,2019-05-17T01:22:44Z,btceur,6995.37,0.28408454,2019-05-17,BTC / EUR
bitstamp,2019-05-17T01:22:44Z,btceur,6994.22,0.0014033,2019-05-17,BTC / EUR
bitstamp,2019-05-17T01:22:44Z,btceur,6991.78,0.11451216,2019-05-17,BTC / EUR
bitstamp,2019-05-17T01:23:45Z,btceur,6987.05,0.01323345,2019-05-17,BTC / EUR
bitstamp,2019-05-17T01:24:14Z,btceur,6987.16,0.0798349,2019-05-17,BTC / EUR
bitstamp,2019-05-17T01:24:14Z,btceur,6987.16,0.08138655,2019-05-17,BTC / EUR
bitstamp,2019-05-17T01:24:15Z,btceur,6987.05,0.00472302,2019-05-17,BTC / EUR
bitstamp,2019-05-17T01:24:15Z,btceur,6986.98,0.01431229,2019-05-17,BTC / EUR
bitstamp,2019-05-17T01:24:15Z,btceur,6985,0.15381918,2019-05-17,BTC / EUR
bitstamp,2019-05-17T01:24:17Z,btceur,6985,0.0662912,2019-05-17,BTC / EUR
bitstamp,2019-05-17T01:24:22Z,btceur,6985,0.77988962,2019-05-17,BTC / EUR
bitstamp,2019-05-17T01:24:26Z,btceur,6981.85,0.00361779,2019-05-17,BTC / EUR
bitstamp,2019-05-17T01:24:32Z,btceur,6978.61,0.00509986,2019-05-17,BTC / EUR
bitstamp,2019-05-17T01:24:32Z,btceur,6978.6,0.0035,2019-05-17,BTC / EUR
bitstamp,2019-05-17T01:24:40Z,btceur,6966.61,1.11,2019-05-17,BTC / EUR
bitstamp,2019-05-17T01:24:42Z,btceur,6967.59,0.0804939,2019-05-17,BTC / EUR
bitstamp,2019-05-17T01:24:42Z,btceur,6962,0.00574951,2019-05-17,BTC / EUR
bitstamp,2019-05-17T01:24:57Z,btceur,6977.61,0.26,2019-05-17,BTC / EUR
bitstamp,2019-05-17T01:24:57Z,btceur,6980.98,2.0330401,2019-05-17,BTC / EUR
bitstamp,2019-05-17T01:24:58Z,btceur,6977.3,0.14,2019-05-17,BTC / EUR
bitstamp,2019-05-17T01:24:59Z,btceur,6977.3,0.00091933,2019-05-17,BTC / EUR
bitstamp,2019-05-17T01:24:59Z,btceur,6986.13,0.39908067,2019-05-17,BTC / EUR
bitstamp,2019-05-17T01:25:00Z,btceur,6985.94,0.4,2019-05-17,BTC / EUR
bitstamp,2019-05-17T01:25:14Z,btceur,6986.78,0.45,2019-05-17,BTC / EUR
bitstamp,2019-05-17T01:26:23Z,btceur,6984.94,0.25939268,2019-05-17,BTC / EUR
bitstamp,2019-05-17T01:26:24Z,btceur,6984.93,0.00152059,2019-05-17,BTC / EUR
bitstamp,2019-05-17T01:26:27Z,btceur,6982.41,0.00472616,2019-05-17,BTC / EUR
bitstamp,2019-05-17T01:26:38Z,btceur,6973.79,0.3,2019-05-17,BTC / EUR
bitstamp,2019-05-17T01:26:38Z,btceur,6973.79,0.7,2019-05-17,BTC / EUR
bitstamp,2019-05-17T01:26:38Z,btceur,6973.78,0.007,2019-05-17,BTC / EUR
bitstamp,2019-05-17T01:26:58Z,btceur,6966.89,0.39908067,2019-05-17,BTC / EUR
bitstamp,2019-05-17T01:26:58Z,btceur,6966.87,0.5414681,2019-05-17,BTC / EUR
bitstamp,2019-05-17T01:27:11Z,btceur,6986.87,0.00703558,2019-05-17,BTC / EUR
bitstamp,2019-05-17T01:28:54Z,btceur,6977.49,0.06806734,2019-05-17,BTC / EUR
bitstamp,2019-05-17T01:28:57Z,btceur,6967.03,0.0047366,2019-05-17,BTC / EUR
bitstamp,2019-05-17T01:29:30Z,btceur,6971.43,0.4,2019-05-17,BTC / EUR
bitstamp,2019-05-17T01:29:32Z,btceur,6966.91,0.06806734,2019-05-17,BTC / EUR
bitstamp,2019-05-17T01:30:17Z,btceur,6972.11,0.00701921,2019-05-17,BTC / EUR
bitstamp,2019-05-17T01:30:18Z,btceur,6972.12,0.0072312,2019-05-17,BTC / EUR
bitstamp,2019-05-17T01:30:18Z,btceur,6972.12,0.085,2019-05-17,BTC / EUR
bitstamp,2019-05-17T01:30:19Z,btceur,6972.12,2.4e-07,2019-05-17,BTC / EUR
bitstamp,2019-05-17T01:30:22Z,btceur,6986.41,0.26031855,2019-05-17,BTC / EUR
bitstamp,2019-05-17T01:30:22Z,btceur,6986.43,0.20570585,2019-05-17,BTC / EUR
bitstamp,2019-05-17T01:30:27Z,btceur,6994.95,0.64,2019-05-17,BTC / EUR
bitstamp,2019-05-17T01:30:37Z,btceur,6999.26,0.05847751,2019-05-17,BTC / EUR
bitstamp,2019-05-17T01:31:50Z,btceur,7007.84,0.01921419,2019-05-17,BTC / EUR
bitstamp,2019-05-17T01:32:08Z,btceur,7010.09,0.81820245,2019-05-17,BTC / EUR
bitstamp,2019-05-17T01:32:49Z,btceur,7001.8,0.5118,2019-05-17,BTC / EUR
bitstamp,2019-05-17T01:32:50Z,btceur,7001.8,2.099e-05,2019-05-17,BTC / EUR
bitstamp,2019-05-17T01:32:50Z,btceur,7001.76,0.26967901,2019-05-17,BTC / EUR
bitstamp,2019-05-17T01:32:50Z,btceur,7001.76,2.418e-05,2019-05-17,BTC / EUR
bitstamp,2019-05-17T01:32:56Z,btceur,7005.06,0.00324675,2019-05-17,BTC / EUR
bitstamp,2019-05-17T01:32:57Z,btceur,7001.83,0.485,2019-05-17,BTC / EUR
bitstamp,2019-05-17T01:33:20Z,btceur,6995.54,0.11537827,2019-05-17,BTC / EUR
bitstamp,2019-05-17T01:36:35Z,btceur,7010.09,0.68004927,2019-05-17,BTC / EUR
bitstamp,2019-05-17T01:37:11Z,btceur,7009.23,0.0035065,2019-05-17,BTC / EUR
bitstamp,2019-05-17T01:37:38Z,btceur,7017.81,0.00100962,2019-05-17,BTC / EUR
bitstamp,2019-05-17T01:38:53Z,btceur,7001.08,0.00135651,2019-05-17,BTC / EUR
bitstamp,2019-05-17T01:38:54Z,btceur,6994.8,0.4,2019-05-17,BTC / EUR
bitstamp,2019-05-17T01:38:55Z,btceur,6994.8,0.26564927,2019-05-17,BTC / EUR
bitstamp,2019-05-17T01:38:55Z,btceur,6993.93,0.00142047,2019-05-17,BTC / EUR
bitstamp,2019-05-17T01:39:16Z,btceur,6993.57,1.61310956,2019-05-17,BTC / EUR
bitstamp,2019-05-17T01:39:16Z,btceur,6993.74,0.05689044,2019-05-17,BTC / EUR
bitstamp,2019-05-17T01:39:29Z,btceur,6993.71,0.00245943,2019-05-17,BTC / EUR
bitstamp,2019-05-17T01:39:46Z,btceur,6992.55,0.00471838,2019-05-17,BTC / EUR
bitstamp,2019-05-17T01:39:47Z,btceur,6978.4,0.00577199,2019-05-17,BTC / EUR
bitstamp,2019-05-17T01:40:30Z,btceur,6992.85,0.20712865,2019-05-17,BTC / EUR
bitstamp,2019-05-17T01:42:54Z,btceur,6962,0.06425049,2019-05-17,BTC / EUR
bitstamp,2019-05-17T01:42:54Z,btceur,6961.54,0.00112017,2019-05-17,BTC / EUR
bitstamp,2019-05-17T01:42:54Z,btceur,6960.24,0.02877055,2019-05-17,BTC / EUR
bitstamp,2019-05-17T01:42:57Z,btceur,6955,0.0015,2019-05-17,BTC / EUR
bitstamp,2019-05-17T01:42:58Z,btceur,6955.32,0.15282,2019-05-17,BTC / EUR
bitstamp,2019-05-17T01:43:03Z,btceur,6965.94,0.57498897,2019-05-17,BTC / EUR
bitstamp,2019-05-17T01:43:03Z,btceur,6965.96,0.42501103,2019-05-17,BTC / EUR
bitstamp,2019-05-17T01:44:18Z,btceur,6965.03,0.00172334,2019-05-17,BTC / EUR
bitstamp,2019-05-17T01:44:18Z,btceur,6964.3,0.00473845,2019-05-17,BTC / EUR
bitstamp,2019-05-17T01:44:26Z,btceur,6953.35,0.4,2019-05-17,BTC / EUR
bitstamp,2019-05-17T01:44:47Z,btceur,6950,0.005,2019-05-17,BTC / EUR
bitstamp,2019-05-17T01:44:47Z,btceur,6950,0.00222715,2019-05-17,BTC / EUR
bitstamp,2019-05-17T01:44:47Z,btceur,6950,0.06777285,2019-05-17,BTC / EUR
bitstamp,2019-05-17T01:44:47Z,btceur,6950,0.26846205,2019-05-17,BTC / EUR
bitstamp,2019-05-17T01:44:48Z,btceur,6950,0.012925,2019-05-17,BTC / EUR
bitstamp,2019-05-17T01:45:26Z,btceur,6977.17,0.0021259,2019-05-17,BTC / EUR
bitstamp,2019-05-17T01:45:30Z,btceur,6963.65,0.4,2019-05-17,BTC / EUR
bitstamp,2019-05-17T01:45:30Z,btceur,6963.63,2.25357051,2019-05-17,BTC / EUR
bitstamp,2019-05-17T01:45:42Z,btceur,6978.42,0.30627382,2019-05-17,BTC / EUR
bitstamp,2019-05-17T01:45:48Z,btceur,6978.17,0.000795,2019-05-17,BTC / EUR
bitstamp,2019-05-17T01:46:11Z,btceur,6985.93,0.07027148,2019-05-17,BTC / EUR
bitstamp,2019-05-17T01:46:54Z,btceur,6979.38,0.229,2019-05-17,BTC / EUR
bitstamp,2019-05-17T01:47:32Z,btceur,6984.75,0.14287964,2019-05-17,BTC / EUR
bitstamp,2019-05-17T01:47:57Z,btceur,6987.41,0.00141022,2019-05-17,BTC / EUR
bitstamp,2019-05-17T01:47:57Z,btceur,6981.46,0.14,2019-05-17,BTC / EUR
bitstamp,2019-05-17T01:49:31Z,btceur,6981.44,0.004,2019-05-17,BTC / EUR
bitstamp,2019-05-17T01:49:41Z,btceur,6981.44,0.00072682,2019-05-17,BTC / EUR
bitstamp,2019-05-17T01:49:41Z,btceur,6981.44,0.00027318,2019-05-17,BTC / EUR
bitstamp,2019-05-17T01:49:44Z,btceur,6981.44,0.00128282,2019-05-17,BTC / EUR
bitstamp,2019-05-17T01:50:09Z,btceur,6956.32,0.00071954,2019-05-17,BTC / EUR
bitstamp,2019-05-17T01:50:09Z,btceur,6956.32,0.00280022,2019-05-17,BTC / EUR
bitstamp,2019-05-17T01:51:02Z,btceur,6966.42,0.5173154,2019-05-17,BTC / EUR
bitstamp,2019-05-17T01:51:02Z,btceur,6966.4,0.1759986,2019-05-17,BTC / EUR
bitstamp,2019-05-17T01:51:02Z,btceur,6966.4,3.76563652,2019-05-17,BTC / EUR
bitstamp,2019-05-17T01:51:22Z,btceur,6961.6,0.00383747,2019-05-17,BTC / EUR
bitstamp,2019-05-17T01:51:44Z,btceur,6964.23,0.155,2019-05-17,BTC / EUR
bitstamp,2019-05-17T01:51:46Z,btceur,6966.33,0.004,2019-05-17,BTC / EUR
bitstamp,2019-05-17T01:51:48Z,btceur,6966.33,0.00073707,2019-05-17,BTC / EUR
bitstamp,2019-05-17T01:51:59Z,btceur,6971.2,0.01736464,2019-05-17,BTC / EUR
bitstamp,2019-05-17T01:51:59Z,btceur,6971.2,0.01863536,2019-05-17,BTC / EUR
bitstamp,2019-05-17T01:51:59Z,btceur,6971.21,0.03690186,2019-05-17,BTC / EUR
bitstamp,2019-05-17T01:52:16Z,btceur,6950.05,0.6779322,2019-05-17,BTC / EUR
bitstamp,2019-05-17T01:53:17Z,btceur,6965.07,0.04354283,2019-05-17,BTC / EUR
bitstamp,2019-05-17T01:53:30Z,btceur,6976.36,0.8,2019-05-17,BTC / EUR
bitstamp,2019-05-17T01:53:31Z,btceur,6976.38,0.051288,2019-05-17,BTC / EUR
bitstamp,2019-05-17T01:53:31Z,btceur,6978.08,1,2019-05-17,BTC / EUR
bitstamp,2019-05-17T01:53:31Z,btceur,6978.08,0.018712,2019-05-17,BTC / EUR
bitstamp,2019-05-17T01:53:35Z,btceur,6981.64,0.027,2019-05-17,BTC / EUR
bitstamp,2019-05-17T01:53:35Z,btceur,6981.64,0.1,2019-05-17,BTC / EUR
bitstamp,2019-05-17T01:53:36Z,btceur,6981.65,0.743,2019-05-17,BTC / EUR
bitstamp,2019-05-17T01:54:17Z,btceur,6961.76,0.0028251,2019-05-17,BTC / EUR
bitstamp,2019-05-17T01:54:21Z,btceur,6973.18,0.30503251,2019-05-17,BTC / EUR
bitstamp,2019-05-17T01:57:07Z,btceur,6981.91,0.00136594,2019-05-17,BTC / EUR
bitstamp,2019-05-17T01:59:06Z,btceur,6984.1,8e-04,2019-05-17,BTC / EUR
bitstamp,2019-05-17T02:01:11Z,btceur,6998.66,0.016,2019-05-17,BTC / EUR
bitstamp,2019-05-17T02:01:13Z,btceur,6998.67,0.01208415,2019-05-17,BTC / EUR
bitstamp,2019-05-17T02:01:17Z,btceur,7000,0.268,2019-05-17,BTC / EUR
bitstamp,2019-05-17T02:01:22Z,btceur,7000,0.00048094,2019-05-17,BTC / EUR
bitstamp,2019-05-17T02:01:35Z,btceur,7010.56,0.14235667,2019-05-17,BTC / EUR
bitstamp,2019-05-17T02:02:04Z,btceur,7013.51,5.98191732,2019-05-17,BTC / EUR
bitstamp,2019-05-17T02:02:05Z,btceur,6999.88,0.0073044,2019-05-17,BTC / EUR
bitstamp,2019-05-17T02:02:12Z,btceur,6999.73,0.01361373,2019-05-17,BTC / EUR
bitstamp,2019-05-17T02:04:49Z,btceur,7015.52,0.13243448,2019-05-17,BTC / EUR
bitstamp,2019-05-17T02:05:13Z,btceur,7000,0.021,2019-05-17,BTC / EUR
bitstamp,2019-05-17T02:05:18Z,btceur,7000,0.00072,2019-05-17,BTC / EUR
bitstamp,2019-05-17T02:05:18Z,btceur,6999.53,0.00028,2019-05-17,BTC / EUR
bitstamp,2019-05-17T02:05:19Z,btceur,6999.53,0.00109224,2019-05-17,BTC / EUR
bitstamp,2019-05-17T02:05:45Z,btceur,7000.55,0.04276806,2019-05-17,BTC / EUR
bitstamp,2019-05-17T02:06:06Z,btceur,6996.31,0.00139112,2019-05-17,BTC / EUR
bitstamp,2019-05-17T02:06:42Z,btceur,6980.19,0.26831462,2019-05-17,BTC / EUR
bitstamp,2019-05-17T02:06:53Z,btceur,6980.82,0.0080227,2019-05-17,BTC / EUR
bitstamp,2019-05-17T02:07:14Z,btceur,6987.65,0.0010152,2019-05-17,BTC / EUR
bitstamp,2019-05-17T02:08:12Z,btceur,6976.75,0.001,2019-05-17,BTC / EUR
bitstamp,2019-05-17T02:08:23Z,btceur,6976.75,0.00060386,2019-05-17,BTC / EUR
bitstamp,2019-05-17T02:08:42Z,btceur,6964.15,1,2019-05-17,BTC / EUR
bitstamp,2019-05-17T02:08:42Z,btceur,6964.14,0.00168998,2019-05-17,BTC / EUR
bitstamp,2019-05-17T02:08:42Z,btceur,6953.82,4,2019-05-17,BTC / EUR
bitstamp,2019-05-17T02:08:42Z,btceur,6953.31,0.98022734,2019-05-17,BTC / EUR
bitstamp,2019-05-17T02:08:51Z,btceur,6976.09,0.69,2019-05-17,BTC / EUR
bitstamp,2019-05-17T02:09:05Z,btceur,6976.09,0.0022,2019-05-17,BTC / EUR
bitstamp,2019-05-17T02:09:19Z,btceur,6976.09,0.017,2019-05-17,BTC / EUR
bitstamp,2019-05-17T02:10:10Z,btceur,6976.09,0.023,2019-05-17,BTC / EUR
bitstamp,2019-05-17T02:10:12Z,btceur,6976.09,0.00081157,2019-05-17,BTC / EUR
bitstamp,2019-05-17T02:11:15Z,btceur,6974.41,0.01546847,2019-05-17,BTC / EUR
bitstamp,2019-05-17T02:11:15Z,btceur,6974.41,0.1995748,2019-05-17,BTC / EUR
bitstamp,2019-05-17T02:11:27Z,btceur,6977.99,0.00543136,2019-05-17,BTC / EUR
bitstamp,2019-05-17T02:11:46Z,btceur,6974.5,0.004,2019-05-17,BTC / EUR
bitstamp,2019-05-17T02:12:08Z,btceur,6974.5,0.00073152,2019-05-17,BTC / EUR
bitstamp,2019-05-17T02:12:38Z,btceur,6976.09,0.004,2019-05-17,BTC / EUR
bitstamp,2019-05-17T02:12:56Z,btceur,6976.09,0.00014268,2019-05-17,BTC / EUR
bitstamp,2019-05-17T02:13:11Z,btceur,6962.42,0.23115,2019-05-17,BTC / EUR
bitstamp,2019-05-17T02:13:28Z,btceur,6950.46,0.03,2019-05-17,BTC / EUR
bitstamp,2019-05-17T02:13:32Z,btceur,6950.72,0.2,2019-05-17,BTC / EUR
bitstamp,2019-05-17T02:14:01Z,btceur,6972.4,0.23088039,2019-05-17,BTC / EUR
bitstamp,2019-05-17T02:14:01Z,btceur,6975.91,2.95885881,2019-05-17,BTC / EUR
bitstamp,2019-05-17T02:14:02Z,btceur,6976.89,0.1502608,2019-05-17,BTC / EUR
bitstamp,2019-05-17T02:14:12Z,btceur,6976.99,0.26031238,2019-05-17,BTC / EUR
bitstamp,2019-05-17T02:14:17Z,btceur,6976.8,0.01374229,2019-05-17,BTC / EUR
bitstamp,2019-05-17T02:14:32Z,btceur,6976.8,0.04396026,2019-05-17,BTC / EUR
bitstamp,2019-05-17T02:15:04Z,btceur,6976.36,0.00543261,2019-05-17,BTC / EUR
bitstamp,2019-05-17T02:16:42Z,btceur,6968.96,0.07160322,2019-05-17,BTC / EUR
bitstamp,2019-05-17T02:16:51Z,btceur,6966.72,1,2019-05-17,BTC / EUR
bitstamp,2019-05-17T02:16:51Z,btceur,6968,0.09379395,2019-05-17,BTC / EUR
bitstamp,2019-05-17T02:16:52Z,btceur,6968.14,0.4,2019-05-17,BTC / EUR
bitstamp,2019-05-17T02:17:47Z,btceur,6982.16,0.44205044,2019-05-17,BTC / EUR
bitstamp,2019-05-17T02:17:47Z,btceur,6982.16,0.622,2019-05-17,BTC / EUR
bitstamp,2019-05-17T02:17:47Z,btceur,6982.16,1.8392257,2019-05-17,BTC / EUR
bitstamp,2019-05-17T02:18:00Z,btceur,6985.12,0.0401,2019-05-17,BTC / EUR
bitstamp,2019-05-17T02:19:24Z,btceur,7007.57,0.02061122,2019-05-17,BTC / EUR
bitstamp,2019-05-17T02:19:24Z,btceur,7010.56,0.00083446,2019-05-17,BTC / EUR
bitstamp,2019-05-17T02:19:49Z,btceur,7015.03,0.70074269,2019-05-17,BTC / EUR
bitstamp,2019-05-17T02:20:15Z,btceur,7013.19,0.22881174,2019-05-17,BTC / EUR
bitstamp,2019-05-17T02:20:15Z,btceur,7013.21,1,2019-05-17,BTC / EUR
bitstamp,2019-05-17T02:20:15Z,btceur,7013.22,4.66544445,2019-05-17,BTC / EUR
bitstamp,2019-05-17T02:21:56Z,btceur,7001.36,0.11075705,2019-05-17,BTC / EUR
bitstamp,2019-05-17T02:21:59Z,btceur,6999.12,0.001,2019-05-17,BTC / EUR
bitstamp,2019-05-17T02:22:03Z,btceur,6999.12,0.0003764,2019-05-17,BTC / EUR
bitstamp,2019-05-17T02:23:41Z,btceur,6982.14,0.06018886,2019-05-17,BTC / EUR
bitstamp,2019-05-17T02:24:18Z,btceur,6993,0.672,2019-05-17,BTC / EUR
bitstamp,2019-05-17T02:25:51Z,btceur,6989.88,0.06355562,2019-05-17,BTC / EUR
bitstamp,2019-05-17T02:26:09Z,btceur,6979.62,0.00157463,2019-05-17,BTC / EUR
bitstamp,2019-05-17T02:26:09Z,btceur,6979.61,0.01302609,2019-05-17,BTC / EUR
bitstamp,2019-05-17T02:26:40Z,btceur,6979.63,0.69,2019-05-17,BTC / EUR
bitstamp,2019-05-17T02:26:57Z,btceur,6982.78,0.00413266,2019-05-17,BTC / EUR
bitstamp,2019-05-17T02:28:22Z,btceur,6986.18,2.43,2019-05-17,BTC / EUR
bitstamp,2019-05-17T02:28:51Z,btceur,6972.97,0.00270017,2019-05-17,BTC / EUR
bitstamp,2019-05-17T02:29:17Z,btceur,6972.84,0.14673428,2019-05-17,BTC / EUR
bitstamp,2019-05-17T02:30:04Z,btceur,6973.3,0.02,2019-05-17,BTC / EUR
bitstamp,2019-05-17T02:32:56Z,btceur,6964.21,0.00173171,2019-05-17,BTC / EUR
bitstamp,2019-05-17T02:32:56Z,btceur,6959.87,0.00827629,2019-05-17,BTC / EUR
bitstamp,2019-05-17T02:33:18Z,btceur,6971.6,0.00566103,2019-05-17,BTC / EUR
bitstamp,2019-05-17T02:33:27Z,btceur,6960.25,0.00108235,2019-05-17,BTC / EUR
bitstamp,2019-05-17T02:34:43Z,btceur,6964.31,0.004,2019-05-17,BTC / EUR
bitstamp,2019-05-17T02:34:47Z,btceur,6964.31,0.00073845,2019-05-17,BTC / EUR
bitstamp,2019-05-17T02:35:11Z,btceur,6960.67,0.09,2019-05-17,BTC / EUR
bitstamp,2019-05-17T02:35:19Z,btceur,6960.67,0.15170087,2019-05-17,BTC / EUR
bitstamp,2019-05-17T02:35:39Z,btceur,6955.54,0.001,2019-05-17,BTC / EUR
bitstamp,2019-05-17T02:35:39Z,btceur,6955.54,0.00080431,2019-05-17,BTC / EUR
bitstamp,2019-05-17T02:35:46Z,btceur,6959.63,0.00474094,2019-05-17,BTC / EUR
bitstamp,2019-05-17T02:35:49Z,btceur,6950,0.04553452,2019-05-17,BTC / EUR
bitstamp,2019-05-17T02:35:49Z,btceur,6950,2.66307843,2019-05-17,BTC / EUR
bitstamp,2019-05-17T02:35:49Z,btceur,6950,0.00072,2019-05-17,BTC / EUR
bitstamp,2019-05-17T02:35:51Z,btceur,6939.84,1,2019-05-17,BTC / EUR
bitstamp,2019-05-17T02:35:51Z,btceur,6939.83,1.67365,2019-05-17,BTC / EUR
bitstamp,2019-05-17T02:35:51Z,btceur,6933.55,0.00721131,2019-05-17,BTC / EUR
bitstamp,2019-05-17T02:35:51Z,btceur,6933.5,0.57104213,2019-05-17,BTC / EUR
bitstamp,2019-05-17T02:36:07Z,btceur,6941.4,0.02,2019-05-17,BTC / EUR
bitstamp,2019-05-17T02:36:13Z,btceur,6949.87,0.41,2019-05-17,BTC / EUR
bitstamp,2019-05-17T02:36:42Z,btceur,6941.42,0.322,2019-05-17,BTC / EUR
bitstamp,2019-05-17T02:37:15Z,btceur,6932.69,0.00113016,2019-05-17,BTC / EUR
bitstamp,2019-05-17T02:37:15Z,btceur,6928.96,1.10886984,2019-05-17,BTC / EUR
bitstamp,2019-05-17T02:37:16Z,btceur,6928.96,0.95,2019-05-17,BTC / EUR
bitstamp,2019-05-17T02:37:17Z,btceur,6928.56,0.00129185,2019-05-17,BTC / EUR
bitstamp,2019-05-17T02:37:51Z,btceur,6928.96,0.00358355,2019-05-17,BTC / EUR
bitstamp,2019-05-17T02:37:55Z,btceur,6928.96,0.00117907,2019-05-17,BTC / EUR
bitstamp,2019-05-17T02:37:56Z,btceur,6922.01,0.00216377,2019-05-17,BTC / EUR
bitstamp,2019-05-17T02:37:56Z,btceur,6922,0.00082071,2019-05-17,BTC / EUR
bitstamp,2019-05-17T02:37:56Z,btceur,6922,0.01248731,2019-05-17,BTC / EUR
bitstamp,2019-05-17T02:37:56Z,btceur,6922,0.14025498,2019-05-17,BTC / EUR
bitstamp,2019-05-17T02:37:57Z,btceur,6921,0.24427323,2019-05-17,BTC / EUR
bitstamp,2019-05-17T02:37:57Z,btceur,6921,0.05572677,2019-05-17,BTC / EUR
bitstamp,2019-05-17T02:37:57Z,btceur,6920,0.10831643,2019-05-17,BTC / EUR
bitstamp,2019-05-17T02:37:58Z,btceur,6920,0.0470418,2019-05-17,BTC / EUR
bitstamp,2019-05-17T02:37:58Z,btceur,6920,0.2166596,2019-05-17,BTC / EUR
bitstamp,2019-05-17T02:37:58Z,btceur,6920,0.00811242,2019-05-17,BTC / EUR
bitstamp,2019-05-17T02:37:59Z,btceur,6920,0.12182123,2019-05-17,BTC / EUR
bitstamp,2019-05-17T02:37:59Z,btceur,6920,0.08312807,2019-05-17,BTC / EUR
bitstamp,2019-05-17T02:38:00Z,btceur,6920,0.4,2019-05-17,BTC / EUR
bitstamp,2019-05-17T02:38:01Z,btceur,6920,0.02395745,2019-05-17,BTC / EUR
bitstamp,2019-05-17T02:38:05Z,btceur,6912.76,0.0035,2019-05-17,BTC / EUR
bitstamp,2019-05-17T02:38:06Z,btceur,6907.12,0.029,2019-05-17,BTC / EUR
bitstamp,2019-05-17T02:38:07Z,btceur,6907.12,0.00094852,2019-05-17,BTC / EUR
bitstamp,2019-05-17T02:38:08Z,btceur,6905,0.0015,2019-05-17,BTC / EUR
bitstamp,2019-05-17T02:38:08Z,btceur,6903.85,0.00113015,2019-05-17,BTC / EUR
bitstamp,2019-05-17T02:38:08Z,btceur,6902.01,0.014,2019-05-17,BTC / EUR
bitstamp,2019-05-17T02:38:08Z,btceur,6900.03,0.09336985,2019-05-17,BTC / EUR
bitstamp,2019-05-17T02:38:08Z,btceur,6900.03,0.01861992,2019-05-17,BTC / EUR
bitstamp,2019-05-17T02:38:09Z,btceur,6900,0.005,2019-05-17,BTC / EUR
bitstamp,2019-05-17T02:38:09Z,btceur,6900,0.014,2019-05-17,BTC / EUR
bitstamp,2019-05-17T02:38:09Z,btceur,6900,0.36238008,2019-05-17,BTC / EUR
bitstamp,2019-05-17T02:38:09Z,btceur,6900,0.25217618,2019-05-17,BTC / EUR
bitstamp,2019-05-17T02:38:09Z,btceur,6900,0.42,2019-05-17,BTC / EUR
bitstamp,2019-05-17T02:38:11Z,btceur,6912.5,0.4,2019-05-17,BTC / EUR
bitstamp,2019-05-17T02:38:11Z,btceur,6912.08,0.00260191,2019-05-17,BTC / EUR
bitstamp,2019-05-17T02:38:22Z,btceur,6904.46,0.01225803,2019-05-17,BTC / EUR
bitstamp,2019-05-17T02:38:22Z,btceur,6904.46,0.108171,2019-05-17,BTC / EUR
bitstamp,2019-05-17T02:38:24Z,btceur,6904.46,0.029,2019-05-17,BTC / EUR
bitstamp,2019-05-17T02:38:30Z,btceur,6900,0.12279036,2019-05-17,BTC / EUR
bitstamp,2019-05-17T02:38:48Z,btceur,6907.7,0.052,2019-05-17,BTC / EUR
bitstamp,2019-05-17T02:38:49Z,btceur,6907.7,0.00022769,2019-05-17,BTC / EUR
bitstamp,2019-05-17T02:38:49Z,btceur,6909.71,0.51,2019-05-17,BTC / EUR
bitstamp,2019-05-17T02:38:49Z,btceur,6910,0.008,2019-05-17,BTC / EUR
bitstamp,2019-05-17T02:38:49Z,btceur,6912.5,0.43665752,2019-05-17,BTC / EUR
bitstamp,2019-05-17T02:38:50Z,btceur,6915.6,0.03,2019-05-17,BTC / EUR
bitstamp,2019-05-17T02:38:50Z,btceur,6912.5,0.30511479,2019-05-17,BTC / EUR
bitstamp,2019-05-17T02:38:51Z,btceur,6912.49,0.918,2019-05-17,BTC / EUR
bitstamp,2019-05-17T02:38:51Z,btceur,6912.49,1,2019-05-17,BTC / EUR
bitstamp,2019-05-17T02:38:52Z,btceur,6912.49,0.07183802,2019-05-17,BTC / EUR
bitstamp,2019-05-17T02:39:03Z,btceur,6918.15,0.008,2019-05-17,BTC / EUR
bitstamp,2019-05-17T02:39:58Z,btceur,6912.03,0.00477429,2019-05-17,BTC / EUR
bitstamp,2019-05-17T02:39:58Z,btceur,6908.31,0.02800531,2019-05-17,BTC / EUR
bitstamp,2019-05-17T02:39:58Z,btceur,6908.31,0.35452442,2019-05-17,BTC / EUR
bitstamp,2019-05-17T02:40:23Z,btceur,6900.05,0.23,2019-05-17,BTC / EUR
bitstamp,2019-05-17T02:40:37Z,btceur,6900,0.09259175,2019-05-17,BTC / EUR
bitstamp,2019-05-17T02:40:42Z,btceur,6900,0.0019998,2019-05-17,BTC / EUR
bitstamp,2019-05-17T02:40:45Z,btceur,6900,0.0619938,2019-05-17,BTC / EUR
bitstamp,2019-05-17T02:40:48Z,btceur,6900,0.07618365,2019-05-17,BTC / EUR
bitstamp,2019-05-17T02:40:48Z,btceur,6900,0.0012978,2019-05-17,BTC / EUR
bitstamp,2019-05-17T02:40:48Z,btceur,6900,0.032082,2019-05-17,BTC / EUR
bitstamp,2019-05-17T02:40:49Z,btceur,6900.01,0.06558951,2019-05-17,BTC / EUR
bitstamp,2019-05-17T02:40:49Z,btceur,6900.01,0.01375232,2019-05-17,BTC / EUR
bitstamp,2019-05-17T02:40:50Z,btceur,6900.01,0.91973751,2019-05-17,BTC / EUR
bitstamp,2019-05-17T02:40:50Z,btceur,6900.01,0.00092066,2019-05-17,BTC / EUR
bitstamp,2019-05-17T02:40:50Z,btceur,6900,0.07526288,2019-05-17,BTC / EUR
bitstamp,2019-05-17T02:40:51Z,btceur,6900,0.09383945,2019-05-17,BTC / EUR
bitstamp,2019-05-17T02:40:53Z,btceur,6900.03,0.05,2019-05-17,BTC / EUR
bitstamp,2019-05-17T02:40:53Z,btceur,6900.03,0.04714449,2019-05-17,BTC / EUR
bitstamp,2019-05-17T02:40:53Z,btceur,6900.03,0.24221938,2019-05-17,BTC / EUR
bitstamp,2019-05-17T02:40:53Z,btceur,6900.03,0.2137012,2019-05-17,BTC / EUR
bitstamp,2019-05-17T02:40:56Z,btceur,6900.01,0.05,2019-05-17,BTC / EUR
bitstamp,2019-05-17T02:40:59Z,btceur,6900.01,0.34647236,2019-05-17,BTC / EUR
bitstamp,2019-05-17T02:40:59Z,btceur,6900.01,0.10088,2019-05-17,BTC / EUR
bitstamp,2019-05-17T02:40:59Z,btceur,6900.01,0.02406465,2019-05-17,BTC / EUR
bitstamp,2019-05-17T02:40:59Z,btceur,6900.01,0.05555646,2019-05-17,BTC / EUR
bitstamp,2019-05-17T02:40:59Z,btceur,6900.01,0.06475212,2019-05-17,BTC / EUR
bitstamp,2019-05-17T02:41:00Z,btceur,6900.01,0.01976856,2019-05-17,BTC / EUR
bitstamp,2019-05-17T02:41:00Z,btceur,6900.01,0.20698859,2019-05-17,BTC / EUR
bitstamp,2019-05-17T02:41:00Z,btceur,6900.01,0.09977032,2019-05-17,BTC / EUR
bitstamp,2019-05-17T02:41:01Z,btceur,6903.73,0.028886,2019-05-17,BTC / EUR
bitstamp,2019-05-17T02:41:01Z,btceur,6903.73,0.03758035,2019-05-17,BTC / EUR
bitstamp,2019-05-17T02:41:01Z,btceur,6903.73,0.07685532,2019-05-17,BTC / EUR
bitstamp,2019-05-17T02:41:01Z,btceur,6909.34,0.038,2019-05-17,BTC / EUR
bitstamp,2019-05-17T02:41:02Z,btceur,6903.61,0.00375,2019-05-17,BTC / EUR
bitstamp,2019-05-17T02:41:02Z,btceur,6900.04,0.07544624,2019-05-17,BTC / EUR
bitstamp,2019-05-17T02:41:03Z,btceur,6906.67,0.02429327,2019-05-17,BTC / EUR
bitstamp,2019-05-17T02:41:28Z,btceur,6926.05,0.2080449,2019-05-17,BTC / EUR
bitstamp,2019-05-17T02:41:28Z,btceur,6926.05,0.05190584,2019-05-17,BTC / EUR
bitstamp,2019-05-17T02:41:31Z,btceur,6926.09,0.05533552,2019-05-17,BTC / EUR
bitstamp,2019-05-17T02:41:32Z,btceur,6926.09,0.02935245,2019-05-17,BTC / EUR
bitstamp,2019-05-17T02:41:32Z,btceur,6926.09,0.00772965,2019-05-17,BTC / EUR
bitstamp,2019-05-17T02:41:32Z,btceur,6926.09,0.0695163,2019-05-17,BTC / EUR
bitstamp,2019-05-17T02:41:33Z,btceur,6926.09,0.04331488,2019-05-17,BTC / EUR
bitstamp,2019-05-17T02:41:59Z,btceur,6940.55,0.00091404,2019-05-17,BTC / EUR
bitstamp,2019-05-17T02:42:18Z,btceur,6926.13,0.0125,2019-05-17,BTC / EUR
bitstamp,2019-05-17T02:42:24Z,btceur,6940.55,0.175,2019-05-17,BTC / EUR
bitstamp,2019-05-17T02:42:24Z,btceur,6940.55,0.08655042,2019-05-17,BTC / EUR
bitstamp,2019-05-17T02:42:25Z,btceur,6940.55,0.1125,2019-05-17,BTC / EUR
bitstamp,2019-05-17T02:42:56Z,btceur,6937.58,1.5,2019-05-17,BTC / EUR
bitstamp,2019-05-17T02:42:56Z,btceur,6937.58,0.3998054,2019-05-17,BTC / EUR
bitstamp,2019-05-17T02:42:56Z,btceur,6937.58,0.54781426,2019-05-17,BTC / EUR
bitstamp,2019-05-17T02:43:14Z,btceur,6947.08,0.03671417,2019-05-17,BTC / EUR
bitstamp,2019-05-17T02:43:30Z,btceur,6946.36,0.4,2019-05-17,BTC / EUR
bitstamp,2019-05-17T02:43:45Z,btceur,6937.35,0.00200638,2019-05-17,BTC / EUR
bitstamp,2019-05-17T02:43:45Z,btceur,6937.34,0.19139362,2019-05-17,BTC / EUR
bitstamp,2019-05-17T02:43:46Z,btceur,6937.34,0.002,2019-05-17,BTC / EUR
bitstamp,2019-05-17T02:43:47Z,btceur,6938.92,0.004,2019-05-17,BTC / EUR
bitstamp,2019-05-17T02:43:47Z,btceur,6938.92,0.00075579,2019-05-17,BTC / EUR
bitstamp,2019-05-17T02:43:47Z,btceur,6936.66,0.63924421,2019-05-17,BTC / EUR
bitstamp,2019-05-17T02:44:44Z,btceur,6926.13,0.07819519,2019-05-17,BTC / EUR
bitstamp,2019-05-17T02:44:53Z,btceur,6915.4,0.08896458,2019-05-17,BTC / EUR
bitstamp,2019-05-17T02:44:57Z,btceur,6915.42,0.3877482,2019-05-17,BTC / EUR
bitstamp,2019-05-17T02:44:58Z,btceur,6915.38,0.18180288,2019-05-17,BTC / EUR
bitstamp,2019-05-17T02:45:00Z,btceur,6908.39,0.62621312,2019-05-17,BTC / EUR
bitstamp,2019-05-17T02:45:05Z,btceur,6908.67,1,2019-05-17,BTC / EUR
bitstamp,2019-05-17T02:45:05Z,btceur,6908.67,0.006,2019-05-17,BTC / EUR
bitstamp,2019-05-17T02:45:05Z,btceur,6908.67,0.65252533,2019-05-17,BTC / EUR
bitstamp,2019-05-17T02:45:21Z,btceur,6931.11,0.0129399,2019-05-17,BTC / EUR
bitstamp,2019-05-17T02:45:47Z,btceur,6940.63,0.02073731,2019-05-17,BTC / EUR
bitstamp,2019-05-17T02:46:50Z,btceur,6953.28,0.03668196,2019-05-17,BTC / EUR
bitstamp,2019-05-17T02:47:19Z,btceur,6943.4,0.00574646,2019-05-17,BTC / EUR
bitstamp,2019-05-17T02:50:39Z,btceur,6908.56,0.0105424,2019-05-17,BTC / EUR
bitstamp,2019-05-17T02:50:39Z,btceur,6908.56,0.70695089,2019-05-17,BTC / EUR
bitstamp,2019-05-17T02:51:07Z,btceur,6908.55,0.00230217,2019-05-17,BTC / EUR
bitstamp,2019-05-17T02:51:16Z,btceur,6900,5.2702,2019-05-17,BTC / EUR
bitstamp,2019-05-17T02:51:17Z,btceur,6900,0.0158684,2019-05-17,BTC / EUR
bitstamp,2019-05-17T02:51:20Z,btceur,6903.79,0.03888,2019-05-17,BTC / EUR
bitstamp,2019-05-17T02:51:20Z,btceur,6903.79,0.00899334,2019-05-17,BTC / EUR
bitstamp,2019-05-17T02:51:21Z,btceur,6900,0.84865544,2019-05-17,BTC / EUR
bitstamp,2019-05-17T02:51:23Z,btceur,6900,2.27267841,2019-05-17,BTC / EUR
bitstamp,2019-05-17T02:51:23Z,btceur,6900,0.3,2019-05-17,BTC / EUR
bitstamp,2019-05-17T02:51:23Z,btceur,6900,0.05,2019-05-17,BTC / EUR
bitstamp,2019-05-17T02:51:23Z,btceur,6900,0.000725,2019-05-17,BTC / EUR
bitstamp,2019-05-17T02:51:23Z,btceur,6899.86,0.25,2019-05-17,BTC / EUR
bitstamp,2019-05-17T02:51:24Z,btceur,6899.03,0.00366312,2019-05-17,BTC / EUR
bitstamp,2019-05-17T02:51:25Z,btceur,6896.31,0.0453409,2019-05-17,BTC / EUR
bitstamp,2019-05-17T02:51:25Z,btceur,6890,0.004,2019-05-17,BTC / EUR
bitstamp,2019-05-17T02:51:25Z,btceur,6890,0.06767343,2019-05-17,BTC / EUR
bitstamp,2019-05-17T02:51:25Z,btceur,6890,0.09998567,2019-05-17,BTC / EUR
bitstamp,2019-05-17T02:51:28Z,btceur,6890,0.05001433,2019-05-17,BTC / EUR
bitstamp,2019-05-17T02:51:28Z,btceur,6890,0.69998567,2019-05-17,BTC / EUR
bitstamp,2019-05-17T02:51:46Z,btceur,6894.17,0.00478325,2019-05-17,BTC / EUR
bitstamp,2019-05-17T02:51:53Z,btceur,6880,0.0356,2019-05-17,BTC / EUR
bitstamp,2019-05-17T02:51:53Z,btceur,6880,0.7474,2019-05-17,BTC / EUR
bitstamp,2019-05-17T02:51:53Z,btceur,6880,0.11742122,2019-05-17,BTC / EUR
bitstamp,2019-05-17T02:51:55Z,btceur,6875,0.00113014,2019-05-17,BTC / EUR
bitstamp,2019-05-17T02:51:55Z,btceur,6875,0.025,2019-05-17,BTC / EUR
bitstamp,2019-05-17T02:51:56Z,btceur,6870.02,0.09492281,2019-05-17,BTC / EUR
bitstamp,2019-05-17T02:51:56Z,btceur,6870,0.25,2019-05-17,BTC / EUR
bitstamp,2019-05-17T02:51:56Z,btceur,6868.29,0.62507719,2019-05-17,BTC / EUR
bitstamp,2019-05-17T02:52:07Z,btceur,6886.31,0.03250672,2019-05-17,BTC / EUR
bitstamp,2019-05-17T02:52:24Z,btceur,6898.98,0.00074213,2019-05-17,BTC / EUR
bitstamp,2019-05-17T02:53:14Z,btceur,6895.64,0.2006285,2019-05-17,BTC / EUR
bitstamp,2019-05-17T02:53:46Z,btceur,6885.06,0.00478563,2019-05-17,BTC / EUR
bitstamp,2019-05-17T02:53:52Z,btceur,6869.45,0.567,2019-05-17,BTC / EUR
bitstamp,2019-05-17T02:53:54Z,btceur,6878.31,0.58748,2019-05-17,BTC / EUR
bitstamp,2019-05-17T02:54:25Z,btceur,6863.03,0.02670998,2019-05-17,BTC / EUR
bitstamp,2019-05-17T02:54:40Z,btceur,6878.32,0.02,2019-05-17,BTC / EUR
bitstamp,2019-05-17T02:54:40Z,btceur,6878.32,0.03889258,2019-05-17,BTC / EUR
bitstamp,2019-05-17T02:54:40Z,btceur,6878.32,0.09107602,2019-05-17,BTC / EUR
bitstamp,2019-05-17T02:54:47Z,btceur,6878.32,3.14e-05,2019-05-17,BTC / EUR
bitstamp,2019-05-17T02:54:47Z,btceur,6878.32,0.00208011,2019-05-17,BTC / EUR
bitstamp,2019-05-17T02:55:20Z,btceur,6878.27,0.1715011,2019-05-17,BTC / EUR
bitstamp,2019-05-17T02:55:20Z,btceur,6878.29,0.02690996,2019-05-17,BTC / EUR
bitstamp,2019-05-17T02:55:20Z,btceur,6878.29,0.05654373,2019-05-17,BTC / EUR
bitstamp,2019-05-17T02:55:22Z,btceur,6878.29,0.23043765,2019-05-17,BTC / EUR
bitstamp,2019-05-17T02:55:39Z,btceur,6862.63,0.002,2019-05-17,BTC / EUR
bitstamp,2019-05-17T02:55:40Z,btceur,6873.2,0.03905,2019-05-17,BTC / EUR
bitstamp,2019-05-17T02:55:40Z,btceur,6873.2,0.005,2019-05-17,BTC / EUR
bitstamp,2019-05-17T02:55:40Z,btceur,6873.2,0.44685,2019-05-17,BTC / EUR
bitstamp,2019-05-17T02:55:44Z,btceur,6870.02,0.051,2019-05-17,BTC / EUR
bitstamp,2019-05-17T02:55:44Z,btceur,6870.02,0.35837436,2019-05-17,BTC / EUR
bitstamp,2019-05-17T02:55:46Z,btceur,6870.06,0.00480068,2019-05-17,BTC / EUR
bitstamp,2019-05-17T02:55:52Z,btceur,6862.63,0.00077652,2019-05-17,BTC / EUR
bitstamp,2019-05-17T02:55:55Z,btceur,6862.6,0.00130394,2019-05-17,BTC / EUR
bitstamp,2019-05-17T02:55:57Z,btceur,6862.09,0.00120846,2019-05-17,BTC / EUR
bitstamp,2019-05-17T02:55:59Z,btceur,6861.26,0.00519011,2019-05-17,BTC / EUR
bitstamp,2019-05-17T02:56:00Z,btceur,6861.07,0.03,2019-05-17,BTC / EUR
bitstamp,2019-05-17T02:56:02Z,btceur,6858.35,0.00511889,2019-05-17,BTC / EUR
bitstamp,2019-05-17T02:56:03Z,btceur,6858.06,0.13686961,2019-05-17,BTC / EUR
bitstamp,2019-05-17T02:56:05Z,btceur,6860.48,0.7287,2019-05-17,BTC / EUR
bitstamp,2019-05-17T02:56:07Z,btceur,6859.5,0.12367391,2019-05-17,BTC / EUR
bitstamp,2019-05-17T02:56:08Z,btceur,6855,0.0015,2019-05-17,BTC / EUR
bitstamp,2019-05-17T02:56:08Z,btceur,6850,0.13,2019-05-17,BTC / EUR
bitstamp,2019-05-17T02:56:08Z,btceur,6850,0.02,2019-05-17,BTC / EUR
bitstamp,2019-05-17T02:56:08Z,btceur,6850,0.2931562,2019-05-17,BTC / EUR
bitstamp,2019-05-17T02:56:08Z,btceur,6850,0.02,2019-05-17,BTC / EUR
bitstamp,2019-05-17T02:56:08Z,btceur,6850,0.3468438,2019-05-17,BTC / EUR
bitstamp,2019-05-17T02:56:09Z,btceur,6850,0.37826426,2019-05-17,BTC / EUR
bitstamp,2019-05-17T02:56:12Z,btceur,6850,0.27489194,2019-05-17,BTC / EUR
bitstamp,2019-05-17T02:56:12Z,btceur,6850,0.01,2019-05-17,BTC / EUR
bitstamp,2019-05-17T02:56:12Z,btceur,6850,0.00157518,2019-05-17,BTC / EUR
bitstamp,2019-05-17T02:56:12Z,btceur,6850,0.01,2019-05-17,BTC / EUR
bitstamp,2019-05-17T02:56:12Z,btceur,6847.11,0.0035,2019-05-17,BTC / EUR
bitstamp,2019-05-17T02:56:14Z,btceur,6846.16,0.03,2019-05-17,BTC / EUR
bitstamp,2019-05-17T02:56:14Z,btceur,6849.53,0.09418683,2019-05-17,BTC / EUR
bitstamp,2019-05-17T02:56:14Z,btceur,6849.53,0.00085556,2019-05-17,BTC / EUR
bitstamp,2019-05-17T02:56:14Z,btceur,6846.15,0.00114013,2019-05-17,BTC / EUR
bitstamp,2019-05-17T02:56:15Z,btceur,6846,0.05302658,2019-05-17,BTC / EUR
bitstamp,2019-05-17T02:56:15Z,btceur,6846,1.25172947,2019-05-17,BTC / EUR
bitstamp,2019-05-17T02:56:15Z,btceur,6845,0.0292,2019-05-17,BTC / EUR
bitstamp,2019-05-17T02:56:15Z,btceur,6845,0.005,2019-05-17,BTC / EUR
bitstamp,2019-05-17T02:56:15Z,btceur,6844.93,0.6,2019-05-17,BTC / EUR
bitstamp,2019-05-17T02:56:16Z,btceur,6843.54,0.027,2019-05-17,BTC / EUR
bitstamp,2019-05-17T02:56:17Z,btceur,6844.5,0.00130774,2019-05-17,BTC / EUR
bitstamp,2019-05-17T02:56:19Z,btceur,6842,0.1,2019-05-17,BTC / EUR
bitstamp,2019-05-17T02:56:19Z,btceur,6840.24,0.43748904,2019-05-17,BTC / EUR
bitstamp,2019-05-17T02:56:19Z,btceur,6840,0.03904532,2019-05-17,BTC / EUR
bitstamp,2019-05-17T02:56:19Z,btceur,6837.36,0.00086655,2019-05-17,BTC / EUR
bitstamp,2019-05-17T02:56:19Z,btceur,6837,0.18121252,2019-05-17,BTC / EUR
bitstamp,2019-05-17T02:56:19Z,btceur,6835,0.1,2019-05-17,BTC / EUR
bitstamp,2019-05-17T02:56:20Z,btceur,6834.81,0.04,2019-05-17,BTC / EUR
bitstamp,2019-05-17T02:56:20Z,btceur,6834.12,0.1,2019-05-17,BTC / EUR
bitstamp,2019-05-17T02:56:20Z,btceur,6833,0.35713742,2019-05-17,BTC / EUR
bitstamp,2019-05-17T02:56:20Z,btceur,6831.89,0.04658311,2019-05-17,BTC / EUR
bitstamp,2019-05-17T02:56:20Z,btceur,6831,0.02,2019-05-17,BTC / EUR
bitstamp,2019-05-17T02:56:20Z,btceur,6830.56,0.04,2019-05-17,BTC / EUR
bitstamp,2019-05-17T02:56:20Z,btceur,6830,0.02,2019-05-17,BTC / EUR
bitstamp,2019-05-17T02:56:21Z,btceur,6830,0.30087115,2019-05-17,BTC / EUR
bitstamp,2019-05-17T02:56:21Z,btceur,6828.31,0.02,2019-05-17,BTC / EUR
bitstamp,2019-05-17T02:56:21Z,btceur,6827.27,0.1,2019-05-17,BTC / EUR
bitstamp,2019-05-17T02:56:21Z,btceur,6826,0.01333834,2019-05-17,BTC / EUR
bitstamp,2019-05-17T02:56:21Z,btceur,6825.15,0.5,2019-05-17,BTC / EUR
bitstamp,2019-05-17T02:56:21Z,btceur,6825,0.0014652,2019-05-17,BTC / EUR
bitstamp,2019-05-17T02:56:21Z,btceur,6822.22,0.0920511,2019-05-17,BTC / EUR
bitstamp,2019-05-17T02:56:22Z,btceur,6820.54,0.04,2019-05-17,BTC / EUR
bitstamp,2019-05-17T02:56:22Z,btceur,6820.54,0.21405783,2019-05-17,BTC / EUR
bitstamp,2019-05-17T02:56:22Z,btceur,6820,0.01349706,2019-05-17,BTC / EUR
bitstamp,2019-05-17T02:56:22Z,btceur,6820,0.00410001,2019-05-17,BTC / EUR
bitstamp,2019-05-17T02:56:22Z,btceur,6820,0.01,2019-05-17,BTC / EUR
bitstamp,2019-05-17T02:56:22Z,btceur,6818.33,0.73779888,2019-05-17,BTC / EUR
bitstamp,2019-05-17T02:56:22Z,btceur,6818.33,0.35635069,2019-05-17,BTC / EUR
bitstamp,2019-05-17T02:56:23Z,btceur,6817.31,0.00114012,2019-05-17,BTC / EUR
bitstamp,2019-05-17T02:56:23Z,btceur,6817.02,0.03632532,2019-05-17,BTC / EUR
bitstamp,2019-05-17T02:56:23Z,btceur,6817.02,0.04,2019-05-17,BTC / EUR
bitstamp,2019-05-17T02:56:23Z,btceur,6815.73,0.04115704,2019-05-17,BTC / EUR
bitstamp,2019-05-17T02:56:23Z,btceur,6815.45,0.43911994,2019-05-17,BTC / EUR
bitstamp,2019-05-17T02:56:23Z,btceur,6815.01,0.30461776,2019-05-17,BTC / EUR
bitstamp,2019-05-17T02:56:23Z,btceur,6815.01,0.01139893,2019-05-17,BTC / EUR
bitstamp,2019-05-17T02:56:24Z,btceur,6815.01,0.32998331,2019-05-17,BTC / EUR
bitstamp,2019-05-17T02:56:24Z,btceur,6815,0.04,2019-05-17,BTC / EUR
bitstamp,2019-05-17T02:56:24Z,btceur,6815,0.03284632,2019-05-17,BTC / EUR
bitstamp,2019-05-17T02:56:24Z,btceur,6814.53,0.0025,2019-05-17,BTC / EUR
bitstamp,2019-05-17T02:56:24Z,btceur,6811,0.005,2019-05-17,BTC / EUR
bitstamp,2019-05-17T02:56:24Z,btceur,6811,0.00824401,2019-05-17,BTC / EUR
bitstamp,2019-05-17T02:56:24Z,btceur,6811,1,2019-05-17,BTC / EUR
bitstamp,2019-05-17T02:56:25Z,btceur,6810.94,0.36412723,2019-05-17,BTC / EUR
bitstamp,2019-05-17T02:56:25Z,btceur,6810.34,0.04,2019-05-17,BTC / EUR
bitstamp,2019-05-17T02:56:25Z,btceur,6810.34,0.00234021,2019-05-17,BTC / EUR
bitstamp,2019-05-17T02:56:25Z,btceur,6810,0.07323788,2019-05-17,BTC / EUR
bitstamp,2019-05-17T02:56:25Z,btceur,6809.87,2.88,2019-05-17,BTC / EUR
bitstamp,2019-05-17T02:56:26Z,btceur,6808.02,0.73782849,2019-05-17,BTC / EUR
bitstamp,2019-05-17T02:56:26Z,btceur,6808.02,0.1,2019-05-17,BTC / EUR
bitstamp,2019-05-17T02:56:26Z,btceur,6808.02,0.00095333,2019-05-17,BTC / EUR
bitstamp,2019-05-17T02:56:26Z,btceur,6808.02,0.66439489,2019-05-17,BTC / EUR
bitstamp,2019-05-17T02:56:26Z,btceur,6808.02,0.00349295,2019-05-17,BTC / EUR
bitstamp,2019-05-17T02:56:26Z,btceur,6808.02,0.001,2019-05-17,BTC / EUR
bitstamp,2019-05-17T02:56:27Z,btceur,6808.02,0.59916754,2019-05-17,BTC / EUR
bitstamp,2019-05-17T02:56:27Z,btceur,6808,0.1,2019-05-17,BTC / EUR
bitstamp,2019-05-17T02:56:27Z,btceur,6805.24,2,2019-05-17,BTC / EUR
bitstamp,2019-05-17T02:56:27Z,btceur,6805,0.00244058,2019-05-17,BTC / EUR
bitstamp,2019-05-17T02:56:28Z,btceur,6805,0.1,2019-05-17,BTC / EUR
bitstamp,2019-05-17T02:56:28Z,btceur,6805,0.5,2019-05-17,BTC / EUR
bitstamp,2019-05-17T02:56:28Z,btceur,6805,0.00638842,2019-05-17,BTC / EUR
bitstamp,2019-05-17T02:56:28Z,btceur,6805,0.00628653,2019-05-17,BTC / EUR
bitstamp,2019-05-17T02:56:28Z,btceur,6805,1,2019-05-17,BTC / EUR
bitstamp,2019-05-17T02:56:28Z,btceur,6805,0.0015,2019-05-17,BTC / EUR
bitstamp,2019-05-17T02:56:28Z,btceur,6801.3,0.04,2019-05-17,BTC / EUR
bitstamp,2019-05-17T02:56:28Z,btceur,6801.3,0.061,2019-05-17,BTC / EUR
bitstamp,2019-05-17T02:56:28Z,btceur,6801.29,0.14375012,2019-05-17,BTC / EUR
bitstamp,2019-05-17T02:56:29Z,btceur,6801.05,0.06001867,2019-05-17,BTC / EUR
bitstamp,2019-05-17T02:56:29Z,btceur,6801,0.04,2019-05-17,BTC / EUR
bitstamp,2019-05-17T02:56:29Z,btceur,6800.66,0.10950893,2019-05-17,BTC / EUR
bitstamp,2019-05-17T02:56:29Z,btceur,6800.66,2.2,2019-05-17,BTC / EUR
bitstamp,2019-05-17T02:56:29Z,btceur,6800.61,0.01,2019-05-17,BTC / EUR
bitstamp,2019-05-17T02:56:29Z,btceur,6800.25,0.03083676,2019-05-17,BTC / EUR
bitstamp,2019-05-17T02:56:29Z,btceur,6800,0.1,2019-05-17,BTC / EUR
bitstamp,2019-05-17T02:56:30Z,btceur,6800,0.03667352,2019-05-17,BTC / EUR
bitstamp,2019-05-17T02:56:30Z,btceur,6800,0.11001801,2019-05-17,BTC / EUR
bitstamp,2019-05-17T02:56:30Z,btceur,6800,0.065,2019-05-17,BTC / EUR
bitstamp,2019-05-17T02:56:30Z,btceur,6800,0.01760588,2019-05-17,BTC / EUR
bitstamp,2019-05-17T02:56:30Z,btceur,6800,0.1,2019-05-17,BTC / EUR
bitstamp,2019-05-17T02:56:30Z,btceur,6800,0.00599412,2019-05-17,BTC / EUR
bitstamp,2019-05-17T02:56:30Z,btceur,6800,0.01,2019-05-17,BTC / EUR
bitstamp,2019-05-17T02:56:30Z,btceur,6800,0.01,2019-05-17,BTC / EUR
bitstamp,2019-05-17T02:56:30Z,btceur,6800,0.006,2019-05-17,BTC / EUR
bitstamp,2019-05-17T02:56:30Z,btceur,6800,0.31,2019-05-17,BTC / EUR
bitstamp,2019-05-17T02:56:30Z,btceur,6800,0.00197647,2019-05-17,BTC / EUR
bitstamp,2019-05-17T02:56:30Z,btceur,6800,0.00424631,2019-05-17,BTC / EUR
bitstamp,2019-05-17T02:56:31Z,btceur,6800,0.02941402,2019-05-17,BTC / EUR
bitstamp,2019-05-17T02:56:31Z,btceur,6800,0.00733308,2019-05-17,BTC / EUR
bitstamp,2019-05-17T02:56:31Z,btceur,6800,0.08815147,2019-05-17,BTC / EUR
bitstamp,2019-05-17T02:56:31Z,btceur,6800,1.95353173,2019-05-17,BTC / EUR
bitstamp,2019-05-17T02:56:31Z,btceur,6800,0.09806976,2019-05-17,BTC / EUR
bitstamp,2019-05-17T02:56:31Z,btceur,6800,0.02759688,2019-05-17,BTC / EUR
bitstamp,2019-05-17T02:56:31Z,btceur,6800,0.13787431,2019-05-17,BTC / EUR
bitstamp,2019-05-17T02:56:31Z,btceur,6800,0.69283233,2019-05-17,BTC / EUR
bitstamp,2019-05-17T02:56:31Z,btceur,6800,0.65983886,2019-05-17,BTC / EUR
bitstamp,2019-05-17T02:56:31Z,btceur,6800,0.06824965,2019-05-17,BTC / EUR
bitstamp,2019-05-17T02:56:31Z,btceur,6800,0.5605,2019-05-17,BTC / EUR
bitstamp,2019-05-17T02:56:31Z,btceur,6800,0.80150648,2019-05-17,BTC / EUR
bitstamp,2019-05-17T02:56:32Z,btceur,6800,0.02009117,2019-05-17,BTC / EUR
bitstamp,2019-05-17T02:56:32Z,btceur,6800,0.0074,2019-05-17,BTC / EUR
bitstamp,2019-05-17T02:56:32Z,btceur,6800,0.14849218,2019-05-17,BTC / EUR
bitstamp,2019-05-17T02:56:32Z,btceur,6800,0.01,2019-05-17,BTC / EUR
bitstamp,2019-05-17T02:56:32Z,btceur,6800,0.01,2019-05-17,BTC / EUR
bitstamp,2019-05-17T02:56:32Z,btceur,6800,0.0175,2019-05-17,BTC / EUR
bitstamp,2019-05-17T02:56:32Z,btceur,6800,0.05,2019-05-17,BTC / EUR
bitstamp,2019-05-17T02:56:32Z,btceur,6800,0.015,2019-05-17,BTC / EUR
bitstamp,2019-05-17T02:56:32Z,btceur,6800,0.05,2019-05-17,BTC / EUR
bitstamp,2019-05-17T02:56:32Z,btceur,6800,0.3,2019-05-17,BTC / EUR
bitstamp,2019-05-17T02:56:32Z,btceur,6800,0.02530441,2019-05-17,BTC / EUR
bitstamp,2019-05-17T02:56:33Z,btceur,6800,0.3,2019-05-17,BTC / EUR
bitstamp,2019-05-17T02:56:33Z,btceur,6800,1.682,2019-05-17,BTC / EUR
bitstamp,2019-05-17T02:56:33Z,btceur,6800,1.34193823,2019-05-17,BTC / EUR
bitstamp,2019-05-17T02:56:33Z,btceur,6800,0.000825,2019-05-17,BTC / EUR
bitstamp,2019-05-17T02:56:33Z,btceur,6800,0.13248088,2019-05-17,BTC / EUR
bitstamp,2019-05-17T02:56:33Z,btceur,6800,0.02,2019-05-17,BTC / EUR
bitstamp,2019-05-17T02:56:33Z,btceur,6800,0.01954,2019-05-17,BTC / EUR
bitstamp,2019-05-17T02:56:33Z,btceur,6800,0.01125294,2019-05-17,BTC / EUR
bitstamp,2019-05-17T02:56:33Z,btceur,6800,0.01026838,2019-05-17,BTC / EUR
bitstamp,2019-05-17T02:56:33Z,btceur,6800,0.02,2019-05-17,BTC / EUR
bitstamp,2019-05-17T02:56:33Z,btceur,6800,0.1,2019-05-17,BTC / EUR
bitstamp,2019-05-17T02:56:34Z,btceur,6800,0.00556209,2019-05-17,BTC / EUR
bitstamp,2019-05-17T02:56:34Z,btceur,6800,0.29,2019-05-17,BTC / EUR
bitstamp,2019-05-17T02:56:34Z,btceur,6800,0.01766176,2019-05-17,BTC / EUR
bitstamp,2019-05-17T02:56:34Z,btceur,6800,0.006,2019-05-17,BTC / EUR
bitstamp,2019-05-17T02:56:34Z,btceur,6800,0.04,2019-05-17,BTC / EUR
bitstamp,2019-05-17T02:56:34Z,btceur,6800,0.1,2019-05-17,BTC / EUR
bitstamp,2019-05-17T02:56:34Z,btceur,6800,0.5,2019-05-17,BTC / EUR
bitstamp,2019-05-17T02:56:34Z,btceur,6800,0.015,2019-05-17,BTC / EUR
bitstamp,2019-05-17T02:56:34Z,btceur,6800,0.43060294,2019-05-17,BTC / EUR
bitstamp,2019-05-17T02:56:34Z,btceur,6800,0.0135,2019-05-17,BTC / EUR
bitstamp,2019-05-17T02:56:35Z,btceur,6800,0.03,2019-05-17,BTC / EUR
bitstamp,2019-05-17T02:56:35Z,btceur,6800,0.03,2019-05-17,BTC / EUR
bitstamp,2019-05-17T02:56:35Z,btceur,6800,0.01,2019-05-17,BTC / EUR
bitstamp,2019-05-17T02:56:35Z,btceur,6799,0.6,2019-05-17,BTC / EUR
bitstamp,2019-05-17T02:56:35Z,btceur,6799,0.04,2019-05-17,BTC / EUR
bitstamp,2019-05-17T02:56:35Z,btceur,6799,0.03113399,2019-05-17,BTC / EUR
bitstamp,2019-05-17T02:56:35Z,btceur,6797.15,1.11,2019-05-17,BTC / EUR
bitstamp,2019-05-17T02:56:35Z,btceur,6796.4,1.7,2019-05-17,BTC / EUR
bitstamp,2019-05-17T02:56:36Z,btceur,6796.4,0.06,2019-05-17,BTC / EUR
bitstamp,2019-05-17T02:56:36Z,btceur,6794.2,7,2019-05-17,BTC / EUR
bitstamp,2019-05-17T02:56:36Z,btceur,6793,0.26352405,2019-05-17,BTC / EUR
bitstamp,2019-05-17T02:56:36Z,btceur,6793,1.04,2019-05-17,BTC / EUR
bitstamp,2019-05-17T02:56:36Z,btceur,6792.5,0.06,2019-05-17,BTC / EUR
bitstamp,2019-05-17T02:56:36Z,btceur,6790,0.26718498,2019-05-17,BTC / EUR
bitstamp,2019-05-17T02:56:37Z,btceur,6790,0.095,2019-05-17,BTC / EUR
bitstamp,2019-05-17T02:56:37Z,btceur,6790,0.1,2019-05-17,BTC / EUR
bitstamp,2019-05-17T02:56:37Z,btceur,6789.77,0.00240583,2019-05-17,BTC / EUR
bitstamp,2019-05-17T02:56:37Z,btceur,6788.46,1.22015418,2019-05-17,BTC / EUR
bitstamp,2019-05-17T02:56:37Z,btceur,6788.46,1.56468,2019-05-17,BTC / EUR
bitstamp,2019-05-17T02:56:37Z,btceur,6788.46,0.00115011,2019-05-17,BTC / EUR
bitstamp,2019-05-17T02:56:37Z,btceur,6786.09,0.02578068,2019-05-17,BTC / EUR
bitstamp,2019-05-17T02:56:38Z,btceur,6782.37,1,2019-05-17,BTC / EUR
bitstamp,2019-05-17T02:56:38Z,btceur,6782.37,0.25,2019-05-17,BTC / EUR
bitstamp,2019-05-17T02:56:38Z,btceur,6781.07,0.36670482,2019-05-17,BTC / EUR
bitstamp,2019-05-17T02:56:38Z,btceur,6780,1.22015418,2019-05-17,BTC / EUR
bitstamp,2019-05-17T02:56:38Z,btceur,6780,0.61234955,2019-05-17,BTC / EUR
bitstamp,2019-05-17T02:56:38Z,btceur,6780,0.005,2019-05-17,BTC / EUR
bitstamp,2019-05-17T02:56:39Z,btceur,6780,0.86152212,2019-05-17,BTC / EUR
bitstamp,2019-05-17T02:56:39Z,btceur,6780,0.00470001,2019-05-17,BTC / EUR
bitstamp,2019-05-17T02:56:39Z,btceur,6779.46,1.91,2019-05-17,BTC / EUR
bitstamp,2019-05-17T02:56:39Z,btceur,6777.01,0.41745265,2019-05-17,BTC / EUR
bitstamp,2019-05-17T02:56:39Z,btceur,6777.01,0.15982106,2019-05-17,BTC / EUR
bitstamp,2019-05-17T02:56:39Z,btceur,6777.01,0.02156991,2019-05-17,BTC / EUR
bitstamp,2019-05-17T02:56:39Z,btceur,6777.01,0.10261208,2019-05-17,BTC / EUR
bitstamp,2019-05-17T02:56:40Z,btceur,6777.01,0.04,2019-05-17,BTC / EUR
bitstamp,2019-05-17T02:56:40Z,btceur,6777.01,1.47972,2019-05-17,BTC / EUR
bitstamp,2019-05-17T02:56:40Z,btceur,6777.01,0.02749,2019-05-17,BTC / EUR
bitstamp,2019-05-17T02:56:40Z,btceur,6777.01,0.52826764,2019-05-17,BTC / EUR
bitstamp,2019-05-17T02:56:40Z,btceur,6777,0.00118046,2019-05-17,BTC / EUR
bitstamp,2019-05-17T02:56:40Z,btceur,6776,0.03214882,2019-05-17,BTC / EUR
bitstamp,2019-05-17T02:56:40Z,btceur,6776,0.314,2019-05-17,BTC / EUR
bitstamp,2019-05-17T02:56:41Z,btceur,6776,0.05,2019-05-17,BTC / EUR
bitstamp,2019-05-17T02:56:41Z,btceur,6775.03,1.6,2019-05-17,BTC / EUR
bitstamp,2019-05-17T02:56:41Z,btceur,6772.15,0.02209343,2019-05-17,BTC / EUR
bitstamp,2019-05-17T02:56:41Z,btceur,6770.66,0.03,2019-05-17,BTC / EUR
bitstamp,2019-05-17T02:56:42Z,btceur,6770.18,0.15267703,2019-05-17,BTC / EUR
bitstamp,2019-05-17T02:56:42Z,btceur,6770.18,0.19016867,2019-05-17,BTC / EUR
bitstamp,2019-05-17T02:56:42Z,btceur,6770.18,0.33212966,2019-05-17,BTC / EUR
bitstamp,2019-05-17T02:56:42Z,btceur,6770.18,4,2019-05-17,BTC / EUR
bitstamp,2019-05-17T02:56:42Z,btceur,6770.18,1.81,2019-05-17,BTC / EUR
bitstamp,2019-05-17T02:56:42Z,btceur,6770,0.1,2019-05-17,BTC / EUR
bitstamp,2019-05-17T02:56:42Z,btceur,6769.43,0.03683766,2019-05-17,BTC / EUR
bitstamp,2019-05-17T02:56:43Z,btceur,6768,0.38905437,2019-05-17,BTC / EUR
bitstamp,2019-05-17T02:56:43Z,btceur,6767.67,0.01781939,2019-05-17,BTC / EUR
bitstamp,2019-05-17T02:56:43Z,btceur,6767.67,7.886,2019-05-17,BTC / EUR
bitstamp,2019-05-17T02:56:43Z,btceur,6767.67,0.0015,2019-05-17,BTC / EUR
bitstamp,2019-05-17T02:56:43Z,btceur,6767.57,0.005,2019-05-17,BTC / EUR
bitstamp,2019-05-17T02:56:43Z,btceur,6766.9,0.00208324,2019-05-17,BTC / EUR
bitstamp,2019-05-17T02:56:44Z,btceur,6765,0.06016407,2019-05-17,BTC / EUR
bitstamp,2019-05-17T02:56:44Z,btceur,6760.84,0.02759358,2019-05-17,BTC / EUR
bitstamp,2019-05-17T02:56:44Z,btceur,6760.84,0.00369777,2019-05-17,BTC / EUR
bitstamp,2019-05-17T02:56:44Z,btceur,6760.32,0.0013,2019-05-17,BTC / EUR
bitstamp,2019-05-17T02:56:44Z,btceur,6760,0.612,2019-05-17,BTC / EUR
bitstamp,2019-05-17T02:56:44Z,btceur,6760,0.86726923,2019-05-17,BTC / EUR
bitstamp,2019-05-17T02:56:45Z,btceur,6759.61,0.0011501,2019-05-17,BTC / EUR
bitstamp,2019-05-17T02:56:45Z,btceur,6756.12,4.64701725,2019-05-17,BTC / EUR
bitstamp,2019-05-17T02:56:45Z,btceur,6756.12,0.14179645,2019-05-17,BTC / EUR
bitstamp,2019-05-17T02:56:45Z,btceur,6756.12,0.00091834,2019-05-17,BTC / EUR
bitstamp,2019-05-17T02:56:45Z,btceur,6756.12,0.02,2019-05-17,BTC / EUR
bitstamp,2019-05-17T02:56:45Z,btceur,6756.12,0.50000003,2019-05-17,BTC / EUR
bitstamp,2019-05-17T02:56:45Z,btceur,6756.12,0.02835503,2019-05-17,BTC / EUR
bitstamp,2019-05-17T02:56:45Z,btceur,6756.12,0.12870941,2019-05-17,BTC / EUR
bitstamp,2019-05-17T02:56:46Z,btceur,6756.12,0.15336222,2019-05-17,BTC / EUR
bitstamp,2019-05-17T02:56:46Z,btceur,6756.12,0.32319095,2019-05-17,BTC / EUR
bitstamp,2019-05-17T02:56:46Z,btceur,6756.12,0.00744442,2019-05-17,BTC / EUR
bitstamp,2019-05-17T02:56:46Z,btceur,6756.12,0.3,2019-05-17,BTC / EUR
bitstamp,2019-05-17T02:56:46Z,btceur,6756.12,0.80898711,2019-05-17,BTC / EUR
bitstamp,2019-05-17T02:56:46Z,btceur,6806.9,0.15356636,2019-05-17,BTC / EUR
bitstamp,2019-05-17T02:56:47Z,btceur,6806.9,0.45125975,2019-05-17,BTC / EUR
bitstamp,2019-05-17T02:56:47Z,btceur,6806.9,0.06625398,2019-05-17,BTC / EUR
bitstamp,2019-05-17T02:56:47Z,btceur,6806.9,0.03020757,2019-05-17,BTC / EUR
bitstamp,2019-05-17T02:56:47Z,btceur,6801.3,0.00073516,2019-05-17,BTC / EUR
bitstamp,2019-05-17T02:56:48Z,btceur,6798.04,0.31682147,2019-05-17,BTC / EUR
bitstamp,2019-05-17T02:56:48Z,btceur,6798.04,0.95290662,2019-05-17,BTC / EUR
bitstamp,2019-05-17T02:56:48Z,btceur,6781.3,0.0035,2019-05-17,BTC / EUR
bitstamp,2019-05-17T02:56:49Z,btceur,6780.29,0.09431129,2019-05-17,BTC / EUR
bitstamp,2019-05-17T02:56:49Z,btceur,6780.29,0.58,2019-05-17,BTC / EUR
bitstamp,2019-05-17T02:56:50Z,btceur,6779.37,0.41296706,2019-05-17,BTC / EUR
bitstamp,2019-05-17T02:56:50Z,btceur,6779.37,0.66439489,2019-05-17,BTC / EUR
bitstamp,2019-05-17T02:56:50Z,btceur,6779.37,1.22263805,2019-05-17,BTC / EUR
bitstamp,2019-05-17T02:56:50Z,btceur,6757.62,2.85,2019-05-17,BTC / EUR
bitstamp,2019-05-17T02:56:50Z,btceur,6756.12,0.43458962,2019-05-17,BTC / EUR
bitstamp,2019-05-17T02:56:51Z,btceur,6756.12,0.04486446,2019-05-17,BTC / EUR
bitstamp,2019-05-17T02:56:51Z,btceur,6756,0.314,2019-05-17,BTC / EUR
bitstamp,2019-05-17T02:56:51Z,btceur,6755.98,0.00369006,2019-05-17,BTC / EUR
bitstamp,2019-05-17T02:56:51Z,btceur,6755,0.05,2019-05-17,BTC / EUR
bitstamp,2019-05-17T02:56:51Z,btceur,6755,0.0015,2019-05-17,BTC / EUR
bitstamp,2019-05-17T02:56:51Z,btceur,6751.48,0.152,2019-05-17,BTC / EUR
bitstamp,2019-05-17T02:56:52Z,btceur,6751.48,0.1,2019-05-17,BTC / EUR
bitstamp,2019-05-17T02:56:52Z,btceur,6751,0.00221,2019-05-17,BTC / EUR
bitstamp,2019-05-17T02:56:52Z,btceur,6751,0.003,2019-05-17,BTC / EUR
bitstamp,2019-05-17T02:56:52Z,btceur,6751,0.14183232,2019-05-17,BTC / EUR
bitstamp,2019-05-17T02:56:52Z,btceur,6750.77,0.00180435,2019-05-17,BTC / EUR
bitstamp,2019-05-17T02:56:52Z,btceur,6750.01,1,2019-05-17,BTC / EUR
bitstamp,2019-05-17T02:56:52Z,btceur,6750,0.12191703,2019-05-17,BTC / EUR
bitstamp,2019-05-17T02:56:52Z,btceur,6750,0.02,2019-05-17,BTC / EUR
bitstamp,2019-05-17T02:56:53Z,btceur,6750,0.005,2019-05-17,BTC / EUR
bitstamp,2019-05-17T02:56:53Z,btceur,6750,0.01,2019-05-17,BTC / EUR
bitstamp,2019-05-17T02:56:53Z,btceur,6750,0.00136592,2019-05-17,BTC / EUR
bitstamp,2019-05-17T02:56:53Z,btceur,6750,0.11720957,2019-05-17,BTC / EUR
bitstamp,2019-05-17T02:56:53Z,btceur,6750,0.07388888,2019-05-17,BTC / EUR
bitstamp,2019-05-17T02:56:53Z,btceur,6750,0.0444237,2019-05-17,BTC / EUR
bitstamp,2019-05-17T02:56:53Z,btceur,6750,0.02207407,2019-05-17,BTC / EUR
bitstamp,2019-05-17T02:56:53Z,btceur,6750,0.5,2019-05-17,BTC / EUR
bitstamp,2019-05-17T02:56:53Z,btceur,6750,0.01,2019-05-17,BTC / EUR
bitstamp,2019-05-17T02:56:53Z,btceur,6750,0.00798666,2019-05-17,BTC / EUR
bitstamp,2019-05-17T02:56:54Z,btceur,6750,0.02,2019-05-17,BTC / EUR
bitstamp,2019-05-17T02:56:54Z,btceur,6747.67,0.2,2019-05-17,BTC / EUR
bitstamp,2019-05-17T02:56:54Z,btceur,6747.51,0.2739838,2019-05-17,BTC / EUR
bitstamp,2019-05-17T02:56:54Z,btceur,6747.51,0.08536404,2019-05-17,BTC / EUR
bitstamp,2019-05-17T02:56:54Z,btceur,6747.51,0.0716,2019-05-17,BTC / EUR
bitstamp,2019-05-17T02:56:54Z,btceur,6746.37,0.00621554,2019-05-17,BTC / EUR
bitstamp,2019-05-17T02:56:54Z,btceur,6746.37,0.14663775,2019-05-17,BTC / EUR
bitstamp,2019-05-17T02:56:55Z,btceur,6744.19,0.0762,2019-05-17,BTC / EUR
bitstamp,2019-05-17T02:56:55Z,btceur,6744.19,0.02386279,2019-05-17,BTC / EUR
bitstamp,2019-05-17T02:56:55Z,btceur,6744.19,0.01613721,2019-05-17,BTC / EUR
bitstamp,2019-05-17T02:56:55Z,btceur,6744.19,0.04574149,2019-05-17,BTC / EUR
bitstamp,2019-05-17T02:56:55Z,btceur,6744.19,0.00741378,2019-05-17,BTC / EUR
bitstamp,2019-05-17T02:56:55Z,btceur,6744,0.02318459,2019-05-17,BTC / EUR
bitstamp,2019-05-17T02:56:56Z,btceur,6781.83,0.6,2019-05-17,BTC / EUR
bitstamp,2019-05-17T02:56:56Z,btceur,6780.29,0.00275946,2019-05-17,BTC / EUR
bitstamp,2019-05-17T02:56:56Z,btceur,6780.29,0.11724054,2019-05-17,BTC / EUR
bitstamp,2019-05-17T02:56:56Z,btceur,6780.29,0.01160188,2019-05-17,BTC / EUR
bitstamp,2019-05-17T02:56:57Z,btceur,6780.29,0.07917655,2019-05-17,BTC / EUR
bitstamp,2019-05-17T02:56:57Z,btceur,6757.63,0.23634712,2019-05-17,BTC / EUR
bitstamp,2019-05-17T02:56:57Z,btceur,6776.03,0.6,2019-05-17,BTC / EUR
bitstamp,2019-05-17T02:56:58Z,btceur,6780.29,0.03971483,2019-05-17,BTC / EUR
bitstamp,2019-05-17T02:56:58Z,btceur,6757.63,0.96028517,2019-05-17,BTC / EUR
bitstamp,2019-05-17T02:56:58Z,btceur,6757.63,1,2019-05-17,BTC / EUR
bitstamp,2019-05-17T02:56:58Z,btceur,6757.63,4.80336771,2019-05-17,BTC / EUR
bitstamp,2019-05-17T02:56:58Z,btceur,6755,0.37025,2019-05-17,BTC / EUR
bitstamp,2019-05-17T02:56:59Z,btceur,6754.49,1.67365,2019-05-17,BTC / EUR
bitstamp,2019-05-17T02:56:59Z,btceur,6750,0.61,2019-05-17,BTC / EUR
bitstamp,2019-05-17T02:56:59Z,btceur,6750,0.06,2019-05-17,BTC / EUR
bitstamp,2019-05-17T02:57:00Z,btceur,6744,2.97681541,2019-05-17,BTC / EUR
bitstamp,2019-05-17T02:57:00Z,btceur,6743.73,0.4,2019-05-17,BTC / EUR
bitstamp,2019-05-17T02:57:00Z,btceur,6741.16,0.5317695,2019-05-17,BTC / EUR
bitstamp,2019-05-17T02:57:00Z,btceur,6741.15,0.1,2019-05-17,BTC / EUR
bitstamp,2019-05-17T02:57:00Z,btceur,6740,0.09,2019-05-17,BTC / EUR
bitstamp,2019-05-17T02:57:00Z,btceur,6740,1.38652373,2019-05-17,BTC / EUR
bitstamp,2019-05-17T02:57:00Z,btceur,6740,0.0055001,2019-05-17,BTC / EUR
bitstamp,2019-05-17T02:57:01Z,btceur,6739.21,0.53152356,2019-05-17,BTC / EUR
bitstamp,2019-05-17T02:57:01Z,btceur,6739.21,0.027,2019-05-17,BTC / EUR
bitstamp,2019-05-17T02:57:01Z,btceur,6739.21,0.00749999,2019-05-17,BTC / EUR
bitstamp,2019-05-17T02:57:01Z,btceur,6736.89,0.0022,2019-05-17,BTC / EUR
bitstamp,2019-05-17T02:57:01Z,btceur,6736,0.314,2019-05-17,BTC / EUR
bitstamp,2019-05-17T02:57:01Z,btceur,6735.92,0.4,2019-05-17,BTC / EUR
bitstamp,2019-05-17T02:57:02Z,btceur,6735.69,1.67619,2019-05-17,BTC / EUR
bitstamp,2019-05-17T02:57:02Z,btceur,6735.69,0.4,2019-05-17,BTC / EUR
bitstamp,2019-05-17T02:57:02Z,btceur,6735,0.1,2019-05-17,BTC / EUR
bitstamp,2019-05-17T02:57:02Z,btceur,6734,0.016,2019-05-17,BTC / EUR
bitstamp,2019-05-17T02:57:02Z,btceur,6734,0.16308731,2019-05-17,BTC / EUR
bitstamp,2019-05-17T02:57:02Z,btceur,6730.77,0.00116009,2019-05-17,BTC / EUR
bitstamp,2019-05-17T02:57:03Z,btceur,6730,0.07,2019-05-17,BTC / EUR
bitstamp,2019-05-17T02:57:03Z,btceur,6730,0.0295624,2019-05-17,BTC / EUR
bitstamp,2019-05-17T02:57:03Z,btceur,6728.47,0.00588952,2019-05-17,BTC / EUR
bitstamp,2019-05-17T02:57:03Z,btceur,6726.16,0.533785,2019-05-17,BTC / EUR
bitstamp,2019-05-17T02:57:03Z,btceur,6726,0.002,2019-05-17,BTC / EUR
bitstamp,2019-05-17T02:57:03Z,btceur,6723.07,8e-04,2019-05-17,BTC / EUR
bitstamp,2019-05-17T02:57:03Z,btceur,6721.15,0.45752548,2019-05-17,BTC / EUR
bitstamp,2019-05-17T02:57:03Z,btceur,6721.15,1.54247452,2019-05-17,BTC / EUR
bitstamp,2019-05-17T02:57:04Z,btceur,6721.09,0.04334862,2019-05-17,BTC / EUR
bitstamp,2019-05-17T02:57:04Z,btceur,6721,0.018,2019-05-17,BTC / EUR
bitstamp,2019-05-17T02:57:04Z,btceur,6721,0.03,2019-05-17,BTC / EUR
bitstamp,2019-05-17T02:57:04Z,btceur,6721,0.07,2019-05-17,BTC / EUR
bitstamp,2019-05-17T02:57:04Z,btceur,6720.17,0.03469176,2019-05-17,BTC / EUR
bitstamp,2019-05-17T02:57:04Z,btceur,6720,4,2019-05-17,BTC / EUR
bitstamp,2019-05-17T02:57:05Z,btceur,6720,0.01583886,2019-05-17,BTC / EUR
bitstamp,2019-05-17T02:57:06Z,btceur,6750,0.41,2019-05-17,BTC / EUR
bitstamp,2019-05-17T02:57:06Z,btceur,6750,0.34873544,2019-05-17,BTC / EUR
bitstamp,2019-05-17T02:57:06Z,btceur,6750,0.88818167,2019-05-17,BTC / EUR
bitstamp,2019-05-17T02:57:07Z,btceur,6750,0.88181833,2019-05-17,BTC / EUR
bitstamp,2019-05-17T02:57:07Z,btceur,6750,0.2135,2019-05-17,BTC / EUR
bitstamp,2019-05-17T02:57:07Z,btceur,6750,0.27395312,2019-05-17,BTC / EUR
bitstamp,2019-05-17T02:57:07Z,btceur,6750,0.005,2019-05-17,BTC / EUR
bitstamp,2019-05-17T02:57:07Z,btceur,6750,0.07104688,2019-05-17,BTC / EUR
bitstamp,2019-05-17T02:57:07Z,btceur,6750,0.13131832,2019-05-17,BTC / EUR
bitstamp,2019-05-17T02:57:07Z,btceur,6750,0.14331776,2019-05-17,BTC / EUR
bitstamp,2019-05-17T02:57:07Z,btceur,6750,0.02153936,2019-05-17,BTC / EUR
bitstamp,2019-05-17T02:57:08Z,btceur,6750,0.39110268,2019-05-17,BTC / EUR
bitstamp,2019-05-17T02:57:08Z,btceur,6750,0.04948004,2019-05-17,BTC / EUR
bitstamp,2019-05-17T02:57:08Z,btceur,6750,0.02,2019-05-17,BTC / EUR
bitstamp,2019-05-17T02:57:09Z,btceur,6780.29,0.002,2019-05-17,BTC / EUR
bitstamp,2019-05-17T02:57:09Z,btceur,6744.01,0.0398,2019-05-17,BTC / EUR
bitstamp,2019-05-17T02:57:09Z,btceur,6740.01,0.02882688,2019-05-17,BTC / EUR
bitstamp,2019-05-17T02:57:09Z,btceur,6740.01,0.001,2019-05-17,BTC / EUR
bitstamp,2019-05-17T02:57:10Z,btceur,6736.04,0.27194918,2019-05-17,BTC / EUR
bitstamp,2019-05-17T02:57:10Z,btceur,6736.04,0.04720201,2019-05-17,BTC / EUR
bitstamp,2019-05-17T02:57:10Z,btceur,6736.04,0.00727044,2019-05-17,BTC / EUR
bitstamp,2019-05-17T02:57:10Z,btceur,6743.9,0.36,2019-05-17,BTC / EUR
bitstamp,2019-05-17T02:57:10Z,btceur,6743.9,0.06,2019-05-17,BTC / EUR
bitstamp,2019-05-17T02:57:11Z,btceur,6780.28,0.093,2019-05-17,BTC / EUR
bitstamp,2019-05-17T02:57:11Z,btceur,6780.29,0.791,2019-05-17,BTC / EUR
bitstamp,2019-05-17T02:57:11Z,btceur,6790.16,0.2852,2019-05-17,BTC / EUR
bitstamp,2019-05-17T02:57:13Z,btceur,6763.45,0.4,2019-05-17,BTC / EUR
bitstamp,2019-05-17T02:57:13Z,btceur,6763.45,0.5668,2019-05-17,BTC / EUR
bitstamp,2019-05-17T02:57:16Z,btceur,6760.64,0.0044,2019-05-17,BTC / EUR
bitstamp,2019-05-17T02:57:16Z,btceur,6752.19,0.52136098,2019-05-17,BTC / EUR
bitstamp,2019-05-17T02:57:16Z,btceur,6762.55,0.06,2019-05-17,BTC / EUR
bitstamp,2019-05-17T02:57:17Z,btceur,6762.55,0.01,2019-05-17,BTC / EUR
bitstamp,2019-05-17T02:57:18Z,btceur,6766.19,0.2332,2019-05-17,BTC / EUR
bitstamp,2019-05-17T02:57:18Z,btceur,6766.21,0.06,2019-05-17,BTC / EUR
bitstamp,2019-05-17T02:57:18Z,btceur,6771.28,0.53621,2019-05-17,BTC / EUR
bitstamp,2019-05-17T02:57:18Z,btceur,6771.28,0.005,2019-05-17,BTC / EUR
bitstamp,2019-05-17T02:57:22Z,btceur,6766.2,0.9674,2019-05-17,BTC / EUR
bitstamp,2019-05-17T02:57:24Z,btceur,6754.89,0.00095677,2019-05-17,BTC / EUR
bitstamp,2019-05-17T02:57:27Z,btceur,6770.47,0.07601467,2019-05-17,BTC / EUR
bitstamp,2019-05-17T02:57:33Z,btceur,6749.69,0.11605154,2019-05-17,BTC / EUR
bitstamp,2019-05-17T02:57:33Z,btceur,6749.75,0.8,2019-05-17,BTC / EUR
bitstamp,2019-05-17T02:57:34Z,btceur,6749.7,1,2019-05-17,BTC / EUR
bitstamp,2019-05-17T02:57:34Z,btceur,6744.7,0.59,2019-05-17,BTC / EUR
bitstamp,2019-05-17T02:57:34Z,btceur,6739.39,0.035,2019-05-17,BTC / EUR
bitstamp,2019-05-17T02:57:34Z,btceur,6739.38,2.8,2019-05-17,BTC / EUR
bitstamp,2019-05-17T02:57:34Z,btceur,6738.64,1,2019-05-17,BTC / EUR
bitstamp,2019-05-17T02:57:34Z,btceur,6738.63,1.11,2019-05-17,BTC / EUR
bitstamp,2019-05-17T02:57:34Z,btceur,6734.51,3.14,2019-05-17,BTC / EUR
bitstamp,2019-05-17T02:57:34Z,btceur,6733.46,0.23263608,2019-05-17,BTC / EUR
bitstamp,2019-05-17T02:57:37Z,btceur,6764.57,0.01032142,2019-05-17,BTC / EUR
bitstamp,2019-05-17T02:57:37Z,btceur,6763.31,0.3984,2019-05-17,BTC / EUR
bitstamp,2019-05-17T02:57:44Z,btceur,6771.26,0.0019,2019-05-17,BTC / EUR
bitstamp,2019-05-17T02:57:44Z,btceur,6771.24,0.61,2019-05-17,BTC / EUR
bitstamp,2019-05-17T02:57:45Z,btceur,6771.22,0.78777858,2019-05-17,BTC / EUR
bitstamp,2019-05-17T02:57:45Z,btceur,6771.28,0.26717908,2019-05-17,BTC / EUR
bitstamp,2019-05-17T02:57:47Z,btceur,6771.16,0.76719148,2019-05-17,BTC / EUR
bitstamp,2019-05-17T02:57:48Z,btceur,6771.16,0.05,2019-05-17,BTC / EUR
bitstamp,2019-05-17T02:57:56Z,btceur,6778.96,0.00852767,2019-05-17,BTC / EUR
bitstamp,2019-05-17T02:57:59Z,btceur,6761.96,0.8,2019-05-17,BTC / EUR
bitstamp,2019-05-17T02:57:59Z,btceur,6761.94,0.31,2019-05-17,BTC / EUR
bitstamp,2019-05-17T02:58:09Z,btceur,6776.12,2.01798,2019-05-17,BTC / EUR
bitstamp,2019-05-17T02:58:10Z,btceur,6793.83,0.071443,2019-05-17,BTC / EUR
bitstamp,2019-05-17T02:58:13Z,btceur,6792.99,0.61,2019-05-17,BTC / EUR
bitstamp,2019-05-17T02:58:17Z,btceur,6793.85,0.37226996,2019-05-17,BTC / EUR
bitstamp,2019-05-17T02:58:26Z,btceur,6775.83,4,2019-05-17,BTC / EUR
bitstamp,2019-05-17T02:58:27Z,btceur,6769.91,0.08,2019-05-17,BTC / EUR
bitstamp,2019-05-17T02:58:27Z,btceur,6767.56,0.63,2019-05-17,BTC / EUR
bitstamp,2019-05-17T02:58:27Z,btceur,6763.78,2.05132093,2019-05-17,BTC / EUR
bitstamp,2019-05-17T02:58:31Z,btceur,6793.83,0.07585813,2019-05-17,BTC / EUR
bitstamp,2019-05-17T02:58:36Z,btceur,6793.83,0.2957,2019-05-17,BTC / EUR
bitstamp,2019-05-17T02:58:42Z,btceur,6790.25,0.54359914,2019-05-17,BTC / EUR
bitstamp,2019-05-17T02:58:42Z,btceur,6790.25,0.36000445,2019-05-17,BTC / EUR
bitstamp,2019-05-17T02:58:42Z,btceur,6790.23,0.13045077,2019-05-17,BTC / EUR
bitstamp,2019-05-17T02:58:45Z,btceur,6793.75,0.1188,2019-05-17,BTC / EUR
bitstamp,2019-05-17T02:58:48Z,btceur,6776.56,0.03,2019-05-17,BTC / EUR
bitstamp,2019-05-17T02:58:48Z,btceur,6793.85,0.25073004,2019-05-17,BTC / EUR
bitstamp,2019-05-17T02:58:53Z,btceur,6803.94,0.03117605,2019-05-17,BTC / EUR
bitstamp,2019-05-17T02:58:58Z,btceur,6805,0.005,2019-05-17,BTC / EUR
bitstamp,2019-05-17T02:58:58Z,btceur,6805,0.00045,2019-05-17,BTC / EUR
bitstamp,2019-05-17T02:59:01Z,btceur,6787.6,0.06397233,2019-05-17,BTC / EUR
bitstamp,2019-05-17T02:59:01Z,btceur,6794.17,0.032,2019-05-17,BTC / EUR
bitstamp,2019-05-17T02:59:02Z,btceur,6798.92,0.119,2019-05-17,BTC / EUR
bitstamp,2019-05-17T02:59:06Z,btceur,6808.6,0.03,2019-05-17,BTC / EUR
bitstamp,2019-05-17T02:59:09Z,btceur,6798.92,0.00039969,2019-05-17,BTC / EUR
bitstamp,2019-05-17T02:59:11Z,btceur,6783.37,2.99960031,2019-05-17,BTC / EUR
bitstamp,2019-05-17T02:59:20Z,btceur,6791.83,0.03,2019-05-17,BTC / EUR
bitstamp,2019-05-17T02:59:23Z,btceur,6773.03,0.02,2019-05-17,BTC / EUR
bitstamp,2019-05-17T02:59:23Z,btceur,6769.42,0.01547375,2019-05-17,BTC / EUR
bitstamp,2019-05-17T02:59:23Z,btceur,6769.42,0.02000071,2019-05-17,BTC / EUR
bitstamp,2019-05-17T02:59:23Z,btceur,6769.35,0.02,2019-05-17,BTC / EUR
bitstamp,2019-05-17T02:59:23Z,btceur,6767.83,0.00721468,2019-05-17,BTC / EUR
bitstamp,2019-05-17T02:59:24Z,btceur,6769.35,5.293e-05,2019-05-17,BTC / EUR
bitstamp,2019-05-17T02:59:26Z,btceur,6780.27,0.02,2019-05-17,BTC / EUR
bitstamp,2019-05-17T02:59:27Z,btceur,6780.27,0.02,2019-05-17,BTC / EUR
bitstamp,2019-05-17T02:59:28Z,btceur,6778.09,0.01998,2019-05-17,BTC / EUR
bitstamp,2019-05-17T02:59:28Z,btceur,6780.12,2e-05,2019-05-17,BTC / EUR
bitstamp,2019-05-17T02:59:29Z,btceur,6769.35,0.001,2019-05-17,BTC / EUR
bitstamp,2019-05-17T02:59:32Z,btceur,6769.36,0.83785866,2019-05-17,BTC / EUR
bitstamp,2019-05-17T02:59:32Z,btceur,6769.36,0.053,2019-05-17,BTC / EUR
bitstamp,2019-05-17T02:59:33Z,btceur,6769.35,0.00032017,2019-05-17,BTC / EUR
bitstamp,2019-05-17T02:59:34Z,btceur,6757.01,0.02,2019-05-17,BTC / EUR
bitstamp,2019-05-17T02:59:35Z,btceur,6753.01,0.026,2019-05-17,BTC / EUR
bitstamp,2019-05-17T02:59:36Z,btceur,6751.91,0.07589349,2019-05-17,BTC / EUR
bitstamp,2019-05-17T02:59:37Z,btceur,6751.91,0.02,2019-05-17,BTC / EUR
bitstamp,2019-05-17T02:59:37Z,btceur,6752.25,1.042,2019-05-17,BTC / EUR
bitstamp,2019-05-17T02:59:37Z,btceur,6752.79,0.02,2019-05-17,BTC / EUR
bitstamp,2019-05-17T02:59:37Z,btceur,6750.76,0.00488834,2019-05-17,BTC / EUR
bitstamp,2019-05-17T02:59:37Z,btceur,6744.08,0.00299967,2019-05-17,BTC / EUR
bitstamp,2019-05-17T02:59:37Z,btceur,6742,0.25824964,2019-05-17,BTC / EUR
bitstamp,2019-05-17T02:59:38Z,btceur,6739.22,0.00236491,2019-05-17,BTC / EUR
bitstamp,2019-05-17T02:59:38Z,btceur,6730.78,0.064,2019-05-17,BTC / EUR
bitstamp,2019-05-17T02:59:38Z,btceur,6727.72,0.019,2019-05-17,BTC / EUR
bitstamp,2019-05-17T02:59:39Z,btceur,6727.72,1,2019-05-17,BTC / EUR
bitstamp,2019-05-17T02:59:39Z,btceur,6727.72,0.06,2019-05-17,BTC / EUR
bitstamp,2019-05-17T02:59:40Z,btceur,6751.83,0.6,2019-05-17,BTC / EUR
bitstamp,2019-05-17T02:59:40Z,btceur,6748.63,0.77,2019-05-17,BTC / EUR
bitstamp,2019-05-17T02:59:41Z,btceur,6750.75,0.00074954,2019-05-17,BTC / EUR
bitstamp,2019-05-17T02:59:41Z,btceur,6751.9,0.28899,2019-05-17,BTC / EUR
bitstamp,2019-05-17T02:59:41Z,btceur,6748.63,2.17,2019-05-17,BTC / EUR
bitstamp,2019-05-17T02:59:42Z,btceur,6748.64,0.00738963,2019-05-17,BTC / EUR
bitstamp,2019-05-17T02:59:43Z,btceur,6728.8,0.019,2019-05-17,BTC / EUR
bitstamp,2019-05-17T02:59:43Z,btceur,6728.79,0.02,2019-05-17,BTC / EUR
bitstamp,2019-05-17T02:59:43Z,btceur,6728.79,0.15954516,2019-05-17,BTC / EUR
bitstamp,2019-05-17T02:59:44Z,btceur,6728.8,0.09,2019-05-17,BTC / EUR
bitstamp,2019-05-17T02:59:44Z,btceur,6745.61,0.6089,2019-05-17,BTC / EUR
bitstamp,2019-05-17T02:59:44Z,btceur,6728.8,0.08999584,2019-05-17,BTC / EUR
bitstamp,2019-05-17T02:59:44Z,btceur,6728.79,0.03045484,2019-05-17,BTC / EUR
bitstamp,2019-05-17T02:59:44Z,btceur,6728.79,0.02,2019-05-17,BTC / EUR
bitstamp,2019-05-17T02:59:45Z,btceur,6728.79,0.16,2019-05-17,BTC / EUR
bitstamp,2019-05-17T02:59:45Z,btceur,6727.72,0.00362381,2019-05-17,BTC / EUR
bitstamp,2019-05-17T02:59:45Z,btceur,6727.72,0.03114744,2019-05-17,BTC / EUR
bitstamp,2019-05-17T02:59:45Z,btceur,6728.8,0.08850518,2019-05-17,BTC / EUR
bitstamp,2019-05-17T02:59:45Z,btceur,6727.72,0.03,2019-05-17,BTC / EUR
bitstamp,2019-05-17T02:59:46Z,btceur,6727.72,0.02,2019-05-17,BTC / EUR
bitstamp,2019-05-17T02:59:46Z,btceur,6727.72,0.16,2019-05-17,BTC / EUR
bitstamp,2019-05-17T02:59:46Z,btceur,6727.7,0.00488291,2019-05-17,BTC / EUR
bitstamp,2019-05-17T02:59:47Z,btceur,6727.7,0.3541627,2019-05-17,BTC / EUR
bitstamp,2019-05-17T02:59:47Z,btceur,6722.28,0.1441627,2019-05-17,BTC / EUR
bitstamp,2019-05-17T02:59:47Z,btceur,6727.71,0.07,2019-05-17,BTC / EUR
bitstamp,2019-05-17T02:59:48Z,btceur,6722.28,0.24815005,2019-05-17,BTC / EUR
bitstamp,2019-05-17T02:59:48Z,btceur,6721.29,0.00296817,2019-05-17,BTC / EUR
bitstamp,2019-05-17T02:59:49Z,btceur,6720,0.03187021,2019-05-17,BTC / EUR
bitstamp,2019-05-17T02:59:49Z,btceur,6716,0.314,2019-05-17,BTC / EUR
bitstamp,2019-05-17T02:59:49Z,btceur,6715,0.005,2019-05-17,BTC / EUR
bitstamp,2019-05-17T02:59:49Z,btceur,6714.8,0.0035,2019-05-17,BTC / EUR
bitstamp,2019-05-17T02:59:49Z,btceur,6712,0.03500595,2019-05-17,BTC / EUR
bitstamp,2019-05-17T02:59:49Z,btceur,6712,0.0520143,2019-05-17,BTC / EUR
bitstamp,2019-05-17T02:59:49Z,btceur,6711,0.002,2019-05-17,BTC / EUR
bitstamp,2019-05-17T02:59:49Z,btceur,6711,0.05000447,2019-05-17,BTC / EUR
bitstamp,2019-05-17T02:59:50Z,btceur,6710.14,0.15006691,2019-05-17,BTC / EUR
bitstamp,2019-05-17T02:59:50Z,btceur,6710.1,0.38623498,2019-05-17,BTC / EUR
bitstamp,2019-05-17T02:59:51Z,btceur,6710.1,0.03673202,2019-05-17,BTC / EUR
bitstamp,2019-05-17T02:59:51Z,btceur,6710.1,0.03696609,2019-05-17,BTC / EUR
bitstamp,2019-05-17T02:59:51Z,btceur,6710.14,0.00135952,2019-05-17,BTC / EUR
bitstamp,2019-05-17T02:59:51Z,btceur,6712,0.01174268,2019-05-17,BTC / EUR
bitstamp,2019-05-17T02:59:51Z,btceur,6710.15,0.02134296,2019-05-17,BTC / EUR
bitstamp,2019-05-17T02:59:51Z,btceur,6710.15,0.06207487,2019-05-17,BTC / EUR
bitstamp,2019-05-17T02:59:52Z,btceur,6710,0.1,2019-05-17,BTC / EUR
bitstamp,2019-05-17T02:59:52Z,btceur,6707,0.08976437,2019-05-17,BTC / EUR
bitstamp,2019-05-17T02:59:52Z,btceur,6707,0.01023563,2019-05-17,BTC / EUR
bitstamp,2019-05-17T02:59:52Z,btceur,6706.72,0.1,2019-05-17,BTC / EUR
bitstamp,2019-05-17T02:59:52Z,btceur,6705,0.03,2019-05-17,BTC / EUR
bitstamp,2019-05-17T02:59:52Z,btceur,6705,0.02116205,2019-05-17,BTC / EUR
bitstamp,2019-05-17T02:59:52Z,btceur,6705,0.01,2019-05-17,BTC / EUR
bitstamp,2019-05-17T02:59:53Z,btceur,6705,0.0015,2019-05-17,BTC / EUR
bitstamp,2019-05-17T02:59:53Z,btceur,6704,0.04,2019-05-17,BTC / EUR
bitstamp,2019-05-17T02:59:53Z,btceur,6703,0.01,2019-05-17,BTC / EUR
bitstamp,2019-05-17T02:59:53Z,btceur,6702.03,0.0143,2019-05-17,BTC / EUR
bitstamp,2019-05-17T02:59:53Z,btceur,6702.01,0.1,2019-05-17,BTC / EUR
bitstamp,2019-05-17T02:59:54Z,btceur,6702,0.00227432,2019-05-17,BTC / EUR
bitstamp,2019-05-17T02:59:54Z,btceur,6701.92,0.00116008,2019-05-17,BTC / EUR
bitstamp,2019-05-17T02:59:54Z,btceur,6701.01,1.12,2019-05-17,BTC / EUR
bitstamp,2019-05-17T02:59:54Z,btceur,6701,0.00223,2019-05-17,BTC / EUR
bitstamp,2019-05-17T02:59:54Z,btceur,6701,0.64925682,2019-05-17,BTC / EUR
bitstamp,2019-05-17T02:59:54Z,btceur,6700.84,0.0311349,2019-05-17,BTC / EUR
bitstamp,2019-05-17T02:59:54Z,btceur,6700.07,0.00313429,2019-05-17,BTC / EUR
bitstamp,2019-05-17T02:59:54Z,btceur,6700.01,0.00781342,2019-05-17,BTC / EUR
bitstamp,2019-05-17T02:59:55Z,btceur,6700,0.00743209,2019-05-17,BTC / EUR
bitstamp,2019-05-17T02:59:55Z,btceur,6700,0.0028597,2019-05-17,BTC / EUR
bitstamp,2019-05-17T02:59:55Z,btceur,6700,0.01488805,2019-05-17,BTC / EUR
bitstamp,2019-05-17T02:59:55Z,btceur,6700,0.05,2019-05-17,BTC / EUR
bitstamp,2019-05-17T02:59:55Z,btceur,6700,0.01,2019-05-17,BTC / EUR
bitstamp,2019-05-17T02:59:55Z,btceur,6700,0.01142253,2019-05-17,BTC / EUR
bitstamp,2019-05-17T02:59:55Z,btceur,6700,0.03406194,2019-05-17,BTC / EUR
bitstamp,2019-05-17T02:59:55Z,btceur,6700,0.0053158,2019-05-17,BTC / EUR
bitstamp,2019-05-17T02:59:55Z,btceur,6700,0.05045046,2019-05-17,BTC / EUR
bitstamp,2019-05-17T02:59:56Z,btceur,6700,0.01180839,2019-05-17,BTC / EUR
bitstamp,2019-05-17T02:59:56Z,btceur,6700,0.44755953,2019-05-17,BTC / EUR
bitstamp,2019-05-17T02:59:56Z,btceur,6700,0.35244047,2019-05-17,BTC / EUR
bitstamp,2019-05-17T02:59:56Z,btceur,6700,0.02454954,2019-05-17,BTC / EUR
bitstamp,2019-05-17T02:59:56Z,btceur,6700,0.008,2019-05-17,BTC / EUR
bitstamp,2019-05-17T02:59:56Z,btceur,6700,0.01,2019-05-17,BTC / EUR
bitstamp,2019-05-17T02:59:56Z,btceur,6700,0.005,2019-05-17,BTC / EUR
bitstamp,2019-05-17T02:59:56Z,btceur,6700,0.08657462,2019-05-17,BTC / EUR
bitstamp,2019-05-17T02:59:56Z,btceur,6700,0.02456,2019-05-17,BTC / EUR
bitstamp,2019-05-17T02:59:56Z,btceur,6700,0.0372194,2019-05-17,BTC / EUR
bitstamp,2019-05-17T02:59:57Z,btceur,6700,0.1,2019-05-17,BTC / EUR
bitstamp,2019-05-17T02:59:57Z,btceur,6700,0.00620001,2019-05-17,BTC / EUR
bitstamp,2019-05-17T02:59:57Z,btceur,6700,0.02,2019-05-17,BTC / EUR
bitstamp,2019-05-17T02:59:57Z,btceur,6700,0.17816698,2019-05-17,BTC / EUR
bitstamp,2019-05-17T02:59:57Z,btceur,6700,0.0015,2019-05-17,BTC / EUR
bitstamp,2019-05-17T02:59:57Z,btceur,6700,0.1,2019-05-17,BTC / EUR
bitstamp,2019-05-17T02:59:57Z,btceur,6700,0.02064552,2019-05-17,BTC / EUR
bitstamp,2019-05-17T02:59:57Z,btceur,6700,0.01,2019-05-17,BTC / EUR
bitstamp,2019-05-17T02:59:57Z,btceur,6699,0.46543663,2019-05-17,BTC / EUR
bitstamp,2019-05-17T02:59:57Z,btceur,6698.82,0.001,2019-05-17,BTC / EUR
bitstamp,2019-05-17T02:59:58Z,btceur,6698.82,0.00744459,2019-05-17,BTC / EUR
bitstamp,2019-05-17T02:59:58Z,btceur,6698,0.22,2019-05-17,BTC / EUR
bitstamp,2019-05-17T02:59:58Z,btceur,6696,0.32126224,2019-05-17,BTC / EUR
bitstamp,2019-05-17T02:59:58Z,btceur,6696,0.00204706,2019-05-17,BTC / EUR
bitstamp,2019-05-17T02:59:58Z,btceur,6694.72,0.0012387,2019-05-17,BTC / EUR
bitstamp,2019-05-17T02:59:58Z,btceur,6693,0.02988197,2019-05-17,BTC / EUR
bitstamp,2019-05-17T02:59:59Z,btceur,6693,0.02988197,2019-05-17,BTC / EUR
bitstamp,2019-05-17T02:59:59Z,btceur,6691,0.03601554,2019-05-17,BTC / EUR
bitstamp,2019-05-17T02:59:59Z,btceur,6690.36,0.004,2019-05-17,BTC / EUR
bitstamp,2019-05-17T03:00:00Z,btceur,6687.15,0.0075,2019-05-17,BTC / EUR
bitstamp,2019-05-17T03:00:00Z,btceur,6684.01,0.00091112,2019-05-17,BTC / EUR
bitstamp,2019-05-17T03:00:00Z,btceur,6680.68,0.01,2019-05-17,BTC / EUR
bitstamp,2019-05-17T03:00:00Z,btceur,6680,0.01497,2019-05-17,BTC / EUR
bitstamp,2019-05-17T03:00:00Z,btceur,6677,0.15805759,2019-05-17,BTC / EUR
bitstamp,2019-05-17T03:00:00Z,btceur,6676,0.01494,2019-05-17,BTC / EUR
bitstamp,2019-05-17T03:00:00Z,btceur,6675,0.014,2019-05-17,BTC / EUR
bitstamp,2019-05-17T03:00:01Z,btceur,6673.08,0.00117007,2019-05-17,BTC / EUR
bitstamp,2019-05-17T03:00:01Z,btceur,6673,0.048,2019-05-17,BTC / EUR
bitstamp,2019-05-17T03:00:01Z,btceur,6672.85,0.2388619,2019-05-17,BTC / EUR
bitstamp,2019-05-17T03:00:01Z,btceur,6672.85,0.34320858,2019-05-17,BTC / EUR
bitstamp,2019-05-17T03:00:01Z,btceur,6672.85,0.40550859,2019-05-17,BTC / EUR
bitstamp,2019-05-17T03:00:01Z,btceur,6672.85,0.12242093,2019-05-17,BTC / EUR
bitstamp,2019-05-17T03:00:02Z,btceur,6672.03,0.1,2019-05-17,BTC / EUR
bitstamp,2019-05-17T03:00:02Z,btceur,6670.25,1.43825904,2019-05-17,BTC / EUR
bitstamp,2019-05-17T03:00:02Z,btceur,6670.25,0.01187707,2019-05-17,BTC / EUR
bitstamp,2019-05-17T03:00:02Z,btceur,6670.25,0.15,2019-05-17,BTC / EUR
bitstamp,2019-05-17T03:00:02Z,btceur,6670.25,0.07351389,2019-05-17,BTC / EUR
bitstamp,2019-05-17T03:00:03Z,btceur,6668.7,0.0047,2019-05-17,BTC / EUR
bitstamp,2019-05-17T03:00:03Z,btceur,6667,0.005,2019-05-17,BTC / EUR
bitstamp,2019-05-17T03:00:03Z,btceur,6667,0.01678611,2019-05-17,BTC / EUR
bitstamp,2019-05-17T03:00:03Z,btceur,6667,0.08321389,2019-05-17,BTC / EUR
bitstamp,2019-05-17T03:00:03Z,btceur,6666,0.02,2019-05-17,BTC / EUR
bitstamp,2019-05-17T03:00:03Z,btceur,6666,0.00101,2019-05-17,BTC / EUR
bitstamp,2019-05-17T03:00:03Z,btceur,6666,0.00101,2019-05-17,BTC / EUR
bitstamp,2019-05-17T03:00:04Z,btceur,6666,0.001,2019-05-17,BTC / EUR
bitstamp,2019-05-17T03:00:04Z,btceur,6666,0.026024,2019-05-17,BTC / EUR
bitstamp,2019-05-17T03:00:04Z,btceur,6666,0.07043362,2019-05-17,BTC / EUR
bitstamp,2019-05-17T03:00:04Z,btceur,6666,0.57354238,2019-05-17,BTC / EUR
bitstamp,2019-05-17T03:00:04Z,btceur,6666,0.00120012,2019-05-17,BTC / EUR
bitstamp,2019-05-17T03:00:04Z,btceur,6664.6,0.14970324,2019-05-17,BTC / EUR
bitstamp,2019-05-17T03:00:04Z,btceur,6663.63,0.0022305,2019-05-17,BTC / EUR
bitstamp,2019-05-17T03:00:05Z,btceur,6663.53,0.00119756,2019-05-17,BTC / EUR
bitstamp,2019-05-17T03:00:05Z,btceur,6663.44,2,2019-05-17,BTC / EUR
bitstamp,2019-05-17T03:00:05Z,btceur,6660.4,0.13795239,2019-05-17,BTC / EUR
bitstamp,2019-05-17T03:00:05Z,btceur,6660,0.13417381,2019-05-17,BTC / EUR
bitstamp,2019-05-17T03:00:05Z,btceur,6660,0.06582619,2019-05-17,BTC / EUR
bitstamp,2019-05-17T03:00:06Z,btceur,6655,0.0016,2019-05-17,BTC / EUR
bitstamp,2019-05-17T03:00:06Z,btceur,6651.55,0.049621,2019-05-17,BTC / EUR
bitstamp,2019-05-17T03:00:06Z,btceur,6651.55,0.049621,2019-05-17,BTC / EUR
bitstamp,2019-05-17T03:00:06Z,btceur,6651.55,0.150758,2019-05-17,BTC / EUR
bitstamp,2019-05-17T03:00:06Z,btceur,6651.22,0.00791745,2019-05-17,BTC / EUR
bitstamp,2019-05-17T03:00:07Z,btceur,6651.08,0.1,2019-05-17,BTC / EUR
bitstamp,2019-05-17T03:00:07Z,btceur,6651,0.003,2019-05-17,BTC / EUR
bitstamp,2019-05-17T03:00:07Z,btceur,6650,0.005,2019-05-17,BTC / EUR
bitstamp,2019-05-17T03:00:07Z,btceur,6650,0.1,2019-05-17,BTC / EUR
bitstamp,2019-05-17T03:00:07Z,btceur,6650,0.01,2019-05-17,BTC / EUR
bitstamp,2019-05-17T03:00:07Z,btceur,6650,0.02138745,2019-05-17,BTC / EUR
bitstamp,2019-05-17T03:00:07Z,btceur,6650,0.01,2019-05-17,BTC / EUR
bitstamp,2019-05-17T03:00:07Z,btceur,6650,0.04821203,2019-05-17,BTC / EUR
bitstamp,2019-05-17T03:00:08Z,btceur,6650,1.433,2019-05-17,BTC / EUR
bitstamp,2019-05-17T03:00:08Z,btceur,6650,0.02876017,2019-05-17,BTC / EUR
bitstamp,2019-05-17T03:00:08Z,btceur,6650,0.18714691,2019-05-17,BTC / EUR
bitstamp,2019-05-17T03:00:08Z,btceur,6650,0.00150376,2019-05-17,BTC / EUR
bitstamp,2019-05-17T03:00:08Z,btceur,6650,0.05,2019-05-17,BTC / EUR
bitstamp,2019-05-17T03:00:08Z,btceur,6650,0.04,2019-05-17,BTC / EUR
bitstamp,2019-05-17T03:00:08Z,btceur,6650,0.00568872,2019-05-17,BTC / EUR
bitstamp,2019-05-17T03:00:08Z,btceur,6649,0.0653993,2019-05-17,BTC / EUR
bitstamp,2019-05-17T03:00:09Z,btceur,6647.46,0.2144813,2019-05-17,BTC / EUR
bitstamp,2019-05-17T03:00:09Z,btceur,6647.46,0.5,2019-05-17,BTC / EUR
bitstamp,2019-05-17T03:00:09Z,btceur,6647.46,0.01486631,2019-05-17,BTC / EUR
bitstamp,2019-05-17T03:00:09Z,btceur,6647.46,0.11514939,2019-05-17,BTC / EUR
bitstamp,2019-05-17T03:00:09Z,btceur,6645,0.00074874,2019-05-17,BTC / EUR
bitstamp,2019-05-17T03:00:09Z,btceur,6645,0.00579578,2019-05-17,BTC / EUR
bitstamp,2019-05-17T03:00:09Z,btceur,6645,0.00954131,2019-05-17,BTC / EUR
bitstamp,2019-05-17T03:00:09Z,btceur,6644.23,0.00117006,2019-05-17,BTC / EUR
bitstamp,2019-05-17T03:00:10Z,btceur,6640,0.00170196,2019-05-17,BTC / EUR
bitstamp,2019-05-17T03:00:10Z,btceur,6640,0.99,2019-05-17,BTC / EUR
bitstamp,2019-05-17T03:00:10Z,btceur,6640,0.12,2019-05-17,BTC / EUR
bitstamp,2019-05-17T03:00:10Z,btceur,6640,0.1,2019-05-17,BTC / EUR
bitstamp,2019-05-17T03:00:10Z,btceur,6640,0.02,2019-05-17,BTC / EUR
bitstamp,2019-05-17T03:00:10Z,btceur,6638.66,0.5,2019-05-17,BTC / EUR
bitstamp,2019-05-17T03:00:10Z,btceur,6630,0.9200001,2019-05-17,BTC / EUR
bitstamp,2019-05-17T03:00:11Z,btceur,6628.33,0.00150415,2019-05-17,BTC / EUR
bitstamp,2019-05-17T03:00:11Z,btceur,6625.51,0.23608242,2019-05-17,BTC / EUR
bitstamp,2019-05-17T03:00:11Z,btceur,6625.51,1,2019-05-17,BTC / EUR
bitstamp,2019-05-17T03:00:11Z,btceur,6625.51,0.96391758,2019-05-17,BTC / EUR
bitstamp,2019-05-17T03:00:11Z,btceur,6621,0.003,2019-05-17,BTC / EUR
bitstamp,2019-05-17T03:00:12Z,btceur,6620,0.03,2019-05-17,BTC / EUR
bitstamp,2019-05-17T03:00:12Z,btceur,6619.8,0.4,2019-05-17,BTC / EUR
bitstamp,2019-05-17T03:00:12Z,btceur,6619.8,0.0531859,2019-05-17,BTC / EUR
bitstamp,2019-05-17T03:00:12Z,btceur,6615.85,0.30149984,2019-05-17,BTC / EUR
bitstamp,2019-05-17T03:00:12Z,btceur,6615.85,0.5418077,2019-05-17,BTC / EUR
bitstamp,2019-05-17T03:00:13Z,btceur,6615.38,0.00118005,2019-05-17,BTC / EUR
bitstamp,2019-05-17T03:00:13Z,btceur,6614.02,1.67365,2019-05-17,BTC / EUR
bitstamp,2019-05-17T03:00:13Z,btceur,6614,0.02,2019-05-17,BTC / EUR
bitstamp,2019-05-17T03:00:14Z,btceur,6612.24,0.5,2019-05-17,BTC / EUR
bitstamp,2019-05-17T03:00:14Z,btceur,6612.24,0.30246936,2019-05-17,BTC / EUR
bitstamp,2019-05-17T03:00:14Z,btceur,6610,0.99064145,2019-05-17,BTC / EUR
bitstamp,2019-05-17T03:00:14Z,btceur,6610,0.13390468,2019-05-17,BTC / EUR
bitstamp,2019-05-17T03:00:14Z,btceur,6608.35,6.6946,2019-05-17,BTC / EUR
bitstamp,2019-05-17T03:00:14Z,btceur,6607.43,3,2019-05-17,BTC / EUR
bitstamp,2019-05-17T03:00:15Z,btceur,6605,1,2019-05-17,BTC / EUR
bitstamp,2019-05-17T03:00:15Z,btceur,6605,0.0016,2019-05-17,BTC / EUR
bitstamp,2019-05-17T03:00:15Z,btceur,6602.8,2.28,2019-05-17,BTC / EUR
bitstamp,2019-05-17T03:00:16Z,btceur,6601.36,0.23647798,2019-05-17,BTC / EUR
bitstamp,2019-05-17T03:00:16Z,btceur,6601.36,0.004,2019-05-17,BTC / EUR
bitstamp,2019-05-17T03:00:16Z,btceur,6601,0.07324737,2019-05-17,BTC / EUR
bitstamp,2019-05-17T03:00:17Z,btceur,6601,0.01511135,2019-05-17,BTC / EUR
bitstamp,2019-05-17T03:00:17Z,btceur,6601,0.02253772,2019-05-17,BTC / EUR
bitstamp,2019-05-17T03:00:17Z,btceur,6601,0.07746228,2019-05-17,BTC / EUR
bitstamp,2019-05-17T03:00:17Z,btceur,6600.46,0.02,2019-05-17,BTC / EUR
bitstamp,2019-05-17T03:00:17Z,btceur,6600.42,0.075,2019-05-17,BTC / EUR
bitstamp,2019-05-17T03:00:18Z,btceur,6600,0.005,2019-05-17,BTC / EUR
bitstamp,2019-05-17T03:00:18Z,btceur,6600,0.00795321,2019-05-17,BTC / EUR
bitstamp,2019-05-17T03:00:18Z,btceur,6600,0.01204679,2019-05-17,BTC / EUR
bitstamp,2019-05-17T03:00:18Z,btceur,6600,0.00478894,2019-05-17,BTC / EUR
bitstamp,2019-05-17T03:00:18Z,btceur,6600,0.1,2019-05-17,BTC / EUR
bitstamp,2019-05-17T03:00:18Z,btceur,6600,0.05,2019-05-17,BTC / EUR
bitstamp,2019-05-17T03:00:18Z,btceur,6600,0.05,2019-05-17,BTC / EUR
bitstamp,2019-05-17T03:00:18Z,btceur,6600,0.01,2019-05-17,BTC / EUR
bitstamp,2019-05-17T03:00:18Z,btceur,6600,0.01057954,2019-05-17,BTC / EUR
bitstamp,2019-05-17T03:00:18Z,btceur,6600,0.00971742,2019-05-17,BTC / EUR
bitstamp,2019-05-17T03:00:18Z,btceur,6600,0.05686818,2019-05-17,BTC / EUR
bitstamp,2019-05-17T03:00:19Z,btceur,6600,0.37747704,2019-05-17,BTC / EUR
bitstamp,2019-05-17T03:00:19Z,btceur,6600,0.2,2019-05-17,BTC / EUR
bitstamp,2019-05-17T03:00:19Z,btceur,6600,0.08482636,2019-05-17,BTC / EUR
bitstamp,2019-05-17T03:00:19Z,btceur,6600,0.14243665,2019-05-17,BTC / EUR
bitstamp,2019-05-17T03:00:19Z,btceur,6600,0.1,2019-05-17,BTC / EUR
bitstamp,2019-05-17T03:00:19Z,btceur,6600,0.01,2019-05-17,BTC / EUR
bitstamp,2019-05-17T03:00:19Z,btceur,6600,1.02760303,2019-05-17,BTC / EUR
bitstamp,2019-05-17T03:00:19Z,btceur,6600,0.0054231,2019-05-17,BTC / EUR
bitstamp,2019-05-17T03:00:19Z,btceur,6600,0.015,2019-05-17,BTC / EUR
bitstamp,2019-05-17T03:00:19Z,btceur,6600,0.131,2019-05-17,BTC / EUR
bitstamp,2019-05-17T03:00:19Z,btceur,6600,0.01,2019-05-17,BTC / EUR
bitstamp,2019-05-17T03:00:19Z,btceur,6600,0.002,2019-05-17,BTC / EUR
bitstamp,2019-05-17T03:00:20Z,btceur,6600,0.01,2019-05-17,BTC / EUR
bitstamp,2019-05-17T03:00:20Z,btceur,6600,0.0024087,2019-05-17,BTC / EUR
bitstamp,2019-05-17T03:00:20Z,btceur,6600,0.03192272,2019-05-17,BTC / EUR
bitstamp,2019-05-17T03:00:20Z,btceur,6600,0.02,2019-05-17,BTC / EUR
bitstamp,2019-05-17T03:00:20Z,btceur,6600,0.22992089,2019-05-17,BTC / EUR
bitstamp,2019-05-17T03:00:20Z,btceur,6600,0.1364,2019-05-17,BTC / EUR
bitstamp,2019-05-17T03:00:20Z,btceur,6600,1.12588491,2019-05-17,BTC / EUR
bitstamp,2019-05-17T03:00:20Z,btceur,6600,0.01571719,2019-05-17,BTC / EUR
bitstamp,2019-05-17T03:00:20Z,btceur,6600,1.11410168,2019-05-17,BTC / EUR
bitstamp,2019-05-17T03:00:20Z,btceur,6600,0.00828939,2019-05-17,BTC / EUR
bitstamp,2019-05-17T03:00:20Z,btceur,6600,0.2,2019-05-17,BTC / EUR
bitstamp,2019-05-17T03:00:21Z,btceur,6599.69,0.08035984,2019-05-17,BTC / EUR
bitstamp,2019-05-17T03:00:21Z,btceur,6597.58,0.5,2019-05-17,BTC / EUR
bitstamp,2019-05-17T03:00:21Z,btceur,6597.58,0.49,2019-05-17,BTC / EUR
bitstamp,2019-05-17T03:00:21Z,btceur,6597.58,3.2,2019-05-17,BTC / EUR
bitstamp,2019-05-17T03:00:22Z,btceur,6595.98,0.1,2019-05-17,BTC / EUR
bitstamp,2019-05-17T03:00:22Z,btceur,6594.94,0.2,2019-05-17,BTC / EUR
bitstamp,2019-05-17T03:00:22Z,btceur,6594.94,2.381,2019-05-17,BTC / EUR
bitstamp,2019-05-17T03:00:22Z,btceur,6594.5,0.2,2019-05-17,BTC / EUR
bitstamp,2019-05-17T03:00:22Z,btceur,6593.46,2.28,2019-05-17,BTC / EUR
bitstamp,2019-05-17T03:00:23Z,btceur,6593.03,0.24959476,2019-05-17,BTC / EUR
bitstamp,2019-05-17T03:00:23Z,btceur,6590.46,0.191,2019-05-17,BTC / EUR
bitstamp,2019-05-17T03:00:23Z,btceur,6590.46,0.19543249,2019-05-17,BTC / EUR
bitstamp,2019-05-17T03:00:23Z,btceur,6590,0.05715098,2019-05-17,BTC / EUR
bitstamp,2019-05-17T03:00:23Z,btceur,6589.87,0.02723905,2019-05-17,BTC / EUR
bitstamp,2019-05-17T03:00:23Z,btceur,6589.87,0.06,2019-05-17,BTC / EUR
bitstamp,2019-05-17T03:00:24Z,btceur,6589.73,0.0757163,2019-05-17,BTC / EUR
bitstamp,2019-05-17T03:00:24Z,btceur,6588.37,0.034,2019-05-17,BTC / EUR
bitstamp,2019-05-17T03:00:24Z,btceur,6588.37,0.02723905,2019-05-17,BTC / EUR
bitstamp,2019-05-17T03:00:24Z,btceur,6588.37,1.06363304,2019-05-17,BTC / EUR
bitstamp,2019-05-17T03:00:24Z,btceur,6588.37,0.43636696,2019-05-17,BTC / EUR
bitstamp,2019-05-17T03:00:24Z,btceur,6588.37,0.56363304,2019-05-17,BTC / EUR
bitstamp,2019-05-17T03:00:24Z,btceur,6588.37,1.85636696,2019-05-17,BTC / EUR
bitstamp,2019-05-17T03:00:25Z,btceur,6586.54,0.00118004,2019-05-17,BTC / EUR
bitstamp,2019-05-17T03:00:25Z,btceur,6586.25,0.005,2019-05-17,BTC / EUR
bitstamp,2019-05-17T03:00:25Z,btceur,6585.08,0.00662638,2019-05-17,BTC / EUR
bitstamp,2019-05-17T03:00:25Z,btceur,6583.57,2.22,2019-05-17,BTC / EUR
bitstamp,2019-05-17T03:00:25Z,btceur,6580,0.11868313,2019-05-17,BTC / EUR
bitstamp,2019-05-17T03:00:26Z,btceur,6578.7,2.56,2019-05-17,BTC / EUR
bitstamp,2019-05-17T03:00:26Z,btceur,6578.69,0.06434114,2019-05-17,BTC / EUR
bitstamp,2019-05-17T03:00:26Z,btceur,6578,0.02,2019-05-17,BTC / EUR
bitstamp,2019-05-17T03:00:26Z,btceur,6574.14,1.8,2019-05-17,BTC / EUR
bitstamp,2019-05-17T03:00:27Z,btceur,6574.12,0.00074874,2019-05-17,BTC / EUR
bitstamp,2019-05-17T03:00:27Z,btceur,6574.12,0.1,2019-05-17,BTC / EUR
bitstamp,2019-05-17T03:00:27Z,btceur,6570,0.1,2019-05-17,BTC / EUR
bitstamp,2019-05-17T03:00:27Z,btceur,6570,0.01075748,2019-05-17,BTC / EUR
bitstamp,2019-05-17T03:00:27Z,btceur,6569.67,0.00297583,2019-05-17,BTC / EUR
bitstamp,2019-05-17T03:00:27Z,btceur,6569.67,1.53,2019-05-17,BTC / EUR
bitstamp,2019-05-17T03:00:28Z,btceur,6566.56,0.00761433,2019-05-17,BTC / EUR
bitstamp,2019-05-17T03:00:28Z,btceur,6565,0.1,2019-05-17,BTC / EUR
bitstamp,2019-05-17T03:00:28Z,btceur,6564.93,1.5,2019-05-17,BTC / EUR
bitstamp,2019-05-17T03:00:28Z,btceur,6562.78,0.01,2019-05-17,BTC / EUR
bitstamp,2019-05-17T03:00:29Z,btceur,6560,0.1,2019-05-17,BTC / EUR
bitstamp,2019-05-17T03:00:29Z,btceur,6559.82,0.0035,2019-05-17,BTC / EUR
bitstamp,2019-05-17T03:00:29Z,btceur,6559.82,1.5,2019-05-17,BTC / EUR
bitstamp,2019-05-17T03:00:29Z,btceur,6557.69,0.00119003,2019-05-17,BTC / EUR
bitstamp,2019-05-17T03:00:30Z,btceur,6556,0.00286354,2019-05-17,BTC / EUR
bitstamp,2019-05-17T03:00:30Z,btceur,6556,0.00213646,2019-05-17,BTC / EUR
bitstamp,2019-05-17T03:00:30Z,btceur,6556,0.00134278,2019-05-17,BTC / EUR
bitstamp,2019-05-17T03:00:30Z,btceur,6556,0.00365722,2019-05-17,BTC / EUR
bitstamp,2019-05-17T03:00:30Z,btceur,6556,0.002,2019-05-17,BTC / EUR
bitstamp,2019-05-17T03:00:30Z,btceur,6555,0.0016,2019-05-17,BTC / EUR
bitstamp,2019-05-17T03:00:30Z,btceur,6554.99,0.812,2019-05-17,BTC / EUR
bitstamp,2019-05-17T03:00:30Z,btceur,6554.99,0.00328774,2019-05-17,BTC / EUR
bitstamp,2019-05-17T03:00:31Z,btceur,6550,0.1,2019-05-17,BTC / EUR
bitstamp,2019-05-17T03:00:31Z,btceur,6550,0.5,2019-05-17,BTC / EUR
bitstamp,2019-05-17T03:00:31Z,btceur,6550,0.04046274,2019-05-17,BTC / EUR
bitstamp,2019-05-17T03:00:31Z,btceur,6549.52,3.3,2019-05-17,BTC / EUR
bitstamp,2019-05-17T03:00:31Z,btceur,6549.52,0.02723905,2019-05-17,BTC / EUR
bitstamp,2019-05-17T03:00:31Z,btceur,6546.63,1.67365,2019-05-17,BTC / EUR
bitstamp,2019-05-17T03:00:32Z,btceur,6545,3.35,2019-05-17,BTC / EUR
bitstamp,2019-05-17T03:00:32Z,btceur,6545,0.61,2019-05-17,BTC / EUR
bitstamp,2019-05-17T03:00:32Z,btceur,6545,0.4,2019-05-17,BTC / EUR
bitstamp,2019-05-17T03:00:32Z,btceur,6542.91,0.44855171,2019-05-17,BTC / EUR
bitstamp,2019-05-17T03:00:33Z,btceur,6540,2.6,2019-05-17,BTC / EUR
bitstamp,2019-05-17T03:00:33Z,btceur,6540,0.1,2019-05-17,BTC / EUR
bitstamp,2019-05-17T03:00:33Z,btceur,6540,0.06900452,2019-05-17,BTC / EUR
bitstamp,2019-05-17T03:00:33Z,btceur,6540,0.02,2019-05-17,BTC / EUR
bitstamp,2019-05-17T03:00:33Z,btceur,6540,0.03,2019-05-17,BTC / EUR
bitstamp,2019-05-17T03:00:34Z,btceur,6537.99,0.02288471,2019-05-17,BTC / EUR
bitstamp,2019-05-17T03:00:34Z,btceur,6535.48,0.00763066,2019-05-17,BTC / EUR
bitstamp,2019-05-17T03:00:34Z,btceur,6532,0.035,2019-05-17,BTC / EUR
bitstamp,2019-05-17T03:00:34Z,btceur,6531.43,0.00126969,2019-05-17,BTC / EUR
bitstamp,2019-05-17T03:00:34Z,btceur,6531,0.00266966,2019-05-17,BTC / EUR
bitstamp,2019-05-17T03:00:35Z,btceur,6530,0.1,2019-05-17,BTC / EUR
bitstamp,2019-05-17T03:00:35Z,btceur,6528,0.3056198,2019-05-17,BTC / EUR
bitstamp,2019-05-17T03:00:35Z,btceur,6521,1,2019-05-17,BTC / EUR
bitstamp,2019-05-17T03:00:35Z,btceur,6520,0.04042983,2019-05-17,BTC / EUR
bitstamp,2019-05-17T03:00:35Z,btceur,6520,6,2019-05-17,BTC / EUR
bitstamp,2019-05-17T03:00:35Z,btceur,6520,0.1,2019-05-17,BTC / EUR
bitstamp,2019-05-17T03:00:36Z,btceur,6520,0.02,2019-05-17,BTC / EUR
bitstamp,2019-05-17T03:00:36Z,btceur,6514.56,0.00122495,2019-05-17,BTC / EUR
bitstamp,2019-05-17T03:00:36Z,btceur,6513.41,1.67365,2019-05-17,BTC / EUR
bitstamp,2019-05-17T03:00:36Z,btceur,6512.89,0.01164091,2019-05-17,BTC / EUR
bitstamp,2019-05-17T03:00:37Z,btceur,6512.12,0.1,2019-05-17,BTC / EUR
bitstamp,2019-05-17T03:00:37Z,btceur,6511.11,0.09601132,2019-05-17,BTC / EUR
bitstamp,2019-05-17T03:00:37Z,btceur,6511.11,0.32692409,2019-05-17,BTC / EUR
bitstamp,2019-05-17T03:00:37Z,btceur,6511.11,0.005,2019-05-17,BTC / EUR
bitstamp,2019-05-17T03:00:37Z,btceur,6511,0.005,2019-05-17,BTC / EUR
bitstamp,2019-05-17T03:00:38Z,btceur,6511,0.005,2019-05-17,BTC / EUR
bitstamp,2019-05-17T03:00:38Z,btceur,6511,0.0148125,2019-05-17,BTC / EUR
bitstamp,2019-05-17T03:00:38Z,btceur,6510,1,2019-05-17,BTC / EUR
bitstamp,2019-05-17T03:00:38Z,btceur,6510,0.1,2019-05-17,BTC / EUR
bitstamp,2019-05-17T03:00:38Z,btceur,6510,0.3,2019-05-17,BTC / EUR
bitstamp,2019-05-17T03:00:38Z,btceur,6510,0.6,2019-05-17,BTC / EUR
bitstamp,2019-05-17T03:00:38Z,btceur,6509.11,0.00368714,2019-05-17,BTC / EUR
bitstamp,2019-05-17T03:00:39Z,btceur,6505.3,0.8,2019-05-17,BTC / EUR
bitstamp,2019-05-17T03:00:39Z,btceur,6505.3,2.1,2019-05-17,BTC / EUR
bitstamp,2019-05-17T03:00:39Z,btceur,6505.3,0.1,2019-05-17,BTC / EUR
bitstamp,2019-05-17T03:00:39Z,btceur,6505,0.0016,2019-05-17,BTC / EUR
bitstamp,2019-05-17T03:00:39Z,btceur,6503.13,0.32692409,2019-05-17,BTC / EUR
bitstamp,2019-05-17T03:00:40Z,btceur,6503.13,0.130296,2019-05-17,BTC / EUR
bitstamp,2019-05-17T03:00:40Z,btceur,6503.13,0.57,2019-05-17,BTC / EUR
bitstamp,2019-05-17T03:00:40Z,btceur,6503.13,0.05017123,2019-05-17,BTC / EUR
bitstamp,2019-05-17T03:00:40Z,btceur,6502.22,0.01534087,2019-05-17,BTC / EUR
bitstamp,2019-05-17T03:00:40Z,btceur,6502,0.05,2019-05-17,BTC / EUR
bitstamp,2019-05-17T03:00:40Z,btceur,6502,1.5,2019-05-17,BTC / EUR
bitstamp,2019-05-17T03:00:40Z,btceur,6502,0.04498462,2019-05-17,BTC / EUR
bitstamp,2019-05-17T03:00:41Z,btceur,6501.02,0.006,2019-05-17,BTC / EUR
bitstamp,2019-05-17T03:00:41Z,btceur,6501,3.673,2019-05-17,BTC / EUR
bitstamp,2019-05-17T03:00:41Z,btceur,6501,0.1,2019-05-17,BTC / EUR
bitstamp,2019-05-17T03:00:41Z,btceur,6501,0.10976157,2019-05-17,BTC / EUR
bitstamp,2019-05-17T03:00:41Z,btceur,6501,0.01,2019-05-17,BTC / EUR
bitstamp,2019-05-17T03:00:41Z,btceur,6500.36,0.004,2019-05-17,BTC / EUR
bitstamp,2019-05-17T03:00:42Z,btceur,6500,0.10011219,2019-05-17,BTC / EUR
bitstamp,2019-05-17T03:00:42Z,btceur,6500,0.01,2019-05-17,BTC / EUR
bitstamp,2019-05-17T03:00:42Z,btceur,6500,10,2019-05-17,BTC / EUR
bitstamp,2019-05-17T03:00:42Z,btceur,6500,0.2,2019-05-17,BTC / EUR
bitstamp,2019-05-17T03:00:42Z,btceur,6500,0.00765846,2019-05-17,BTC / EUR
bitstamp,2019-05-17T03:00:42Z,btceur,6500,0.1,2019-05-17,BTC / EUR
bitstamp,2019-05-17T03:00:42Z,btceur,6500,0.01,2019-05-17,BTC / EUR
