id,t,s,p,q,date,Symbol
bitstamp,2019-05-17T00:00:06.494535Z,btcusd,7879.28,0.71869302,2019-05-17,BTC / USD
bitstamp,2019-05-17T00:00:08.014658Z,btcusd,7883.59,0.31582125,2019-05-17,BTC / USD
bitstamp,2019-05-17T00:00:17.572122Z,btcusd,7883.57,0.02,2019-05-17,BTC / USD
bitstamp,2019-05-17T00:00:17.646496Z,btcusd,7883.59,0.68417875,2019-05-17,BTC / USD
bitstamp,2019-05-17T00:00:17.725624Z,btcusd,7883.63,0.01970346,2019-05-17,BTC / USD
bitstamp,2019-05-17T00:00:17.798756Z,btcusd,7885.44,0.48760127,2019-05-17,BTC / USD
bitstamp,2019-05-17T00:00:24.028094Z,btcusd,7886.46,0.3281696,2019-05-17,BTC / USD
bitstamp,2019-05-17T00:00:32.894173Z,btcusd,7879.28,0.02,2019-05-17,BTC / USD
bitstamp,2019-05-17T00:00:33.060221Z,btcusd,7879.28,0.02,2019-05-17,BTC / USD
bitstamp,2019-05-17T00:00:33.991913Z,btcusd,7879.28,0.02,2019-05-17,BTC / USD
bitstamp,2019-05-17T00:00:34.080760Z,btcusd,7879.28,0.02,2019-05-17,BTC / USD
bitstamp,2019-05-17T00:00:35.376532Z,btcusd,7879.28,0.00826769,2019-05-17,BTC / USD
bitstamp,2019-05-17T00:00:36.022289Z,btcusd,7879.28,0.02,2019-05-17,BTC / USD
bitstamp,2019-05-17T00:00:36.124255Z,btcusd,7879.28,0.02,2019-05-17,BTC / USD
bitstamp,2019-05-17T00:00:36.930507Z,btcusd,7879.28,0.02,2019-05-17,BTC / USD
bitstamp,2019-05-17T00:00:37.064963Z,btcusd,7879.28,0.02,2019-05-17,BTC / USD
bitstamp,2019-05-17T00:00:37.937620Z,btcusd,7879.28,0.02,2019-05-17,BTC / USD
bitstamp,2019-05-17T00:01:13.344385Z,btcusd,7879.28,0.08958575,2019-05-17,BTC / USD
bitstamp,2019-05-17T00:01:14.118390Z,btcusd,7879.28,0.04619814,2019-05-17,BTC / USD
bitstamp,2019-05-17T00:01:31.688484Z,btcusd,7879.29,0.02247545,2019-05-17,BTC / USD
bitstamp,2019-05-17T00:01:32.530041Z,btcusd,7879.29,0.02247579,2019-05-17,BTC / USD
bitstamp,2019-05-17T00:01:33.511338Z,btcusd,7879.29,0.015,2019-05-17,BTC / USD
bitstamp,2019-05-17T00:01:52.500787Z,btcusd,7888.24,0.006218,2019-05-17,BTC / USD
bitstamp,2019-05-17T00:02:01.505072Z,btcusd,7879.28,0.19020282,2019-05-17,BTC / USD
bitstamp,2019-05-17T00:02:01.884538Z,btcusd,7879.28,0.08418937,2019-05-17,BTC / USD
bitstamp,2019-05-17T00:02:04.955581Z,btcusd,7879.28,0.08979752,2019-05-17,BTC / USD
bitstamp,2019-05-17T00:02:05.613561Z,btcusd,7879.28,0.29897741,2019-05-17,BTC / USD
bitstamp,2019-05-17T00:02:17.477568Z,btcusd,7889.37,0.92550034,2019-05-17,BTC / USD
bitstamp,2019-05-17T00:02:53.478160Z,btcusd,7879.3,0.01308046,2019-05-17,BTC / USD
bitstamp,2019-05-17T00:03:24.571992Z,btcusd,7886.91,0.0497238,2019-05-17,BTC / USD
bitstamp,2019-05-17T00:03:36.246643Z,btcusd,7879.31,0.01148523,2019-05-17,BTC / USD
bitstamp,2019-05-17T00:03:36.588452Z,btcusd,7886.92,0.002106,2019-05-17,BTC / USD
bitstamp,2019-05-17T00:03:37.280536Z,btcusd,7879.41,0.00551857,2019-05-17,BTC / USD
bitstamp,2019-05-17T00:04:11.787520Z,btcusd,7891.46,0.03894861,2019-05-17,BTC / USD
bitstamp,2019-05-17T00:04:17.529735Z,btcusd,7889.19,0.69074353,2019-05-17,BTC / USD
bitstamp,2019-05-17T00:04:22.366138Z,btcusd,7895.7,0.00278496,2019-05-17,BTC / USD
bitstamp,2019-05-17T00:05:08.495502Z,btcusd,7896.8,0.00476189,2019-05-17,BTC / USD
bitstamp,2019-05-17T00:05:11.996154Z,btcusd,7898.13,0.01116015,2019-05-17,BTC / USD
bitstamp,2019-05-17T00:05:22.189074Z,btcusd,7898.42,0.00696201,2019-05-17,BTC / USD
bitstamp,2019-05-17T00:05:22.264706Z,btcusd,7900.03,0.005,2019-05-17,BTC / USD
bitstamp,2019-05-17T00:05:22.351214Z,btcusd,7901,0.10567475,2019-05-17,BTC / USD
bitstamp,2019-05-17T00:05:22.682737Z,btcusd,7899.53,0.02778846,2019-05-17,BTC / USD
bitstamp,2019-05-17T00:05:24.160657Z,btcusd,7901,0.92170231,2019-05-17,BTC / USD
bitstamp,2019-05-17T00:05:31.366964Z,btcusd,7901,1.8609,2019-05-17,BTC / USD
bitstamp,2019-05-17T00:05:35.714121Z,btcusd,7901,8.48e-05,2019-05-17,BTC / USD
bitstamp,2019-05-17T00:05:41.699761Z,btcusd,7906.95,0.01489892,2019-05-17,BTC / USD
bitstamp,2019-05-17T00:05:41.795737Z,btcusd,7908.9,0.01174084,2019-05-17,BTC / USD
bitstamp,2019-05-17T00:05:41.883561Z,btcusd,7908.91,0.83,2019-05-17,BTC / USD
bitstamp,2019-05-17T00:05:41.976648Z,btcusd,7908.92,0.00696201,2019-05-17,BTC / USD
bitstamp,2019-05-17T00:05:42.065957Z,btcusd,7909.75,12.5,2019-05-17,BTC / USD
bitstamp,2019-05-17T00:05:47.654285Z,btcusd,7911.54,0.00190013,2019-05-17,BTC / USD
bitstamp,2019-05-17T00:05:50.124680Z,btcusd,7917.03,0.00494714,2019-05-17,BTC / USD
bitstamp,2019-05-17T00:05:52.125270Z,btcusd,7917.04,0.24682078,2019-05-17,BTC / USD
bitstamp,2019-05-17T00:05:52.943851Z,btcusd,7911.54,0.0170608,2019-05-17,BTC / USD
bitstamp,2019-05-17T00:05:53.172412Z,btcusd,7911.54,0.013464,2019-05-17,BTC / USD
bitstamp,2019-05-17T00:05:56.366543Z,btcusd,7911.54,0.1056,2019-05-17,BTC / USD
bitstamp,2019-05-17T00:05:56.681968Z,btcusd,7911.54,7.52e-05,2019-05-17,BTC / USD
bitstamp,2019-05-17T00:06:17.431572Z,btcusd,7914.24,1.42233444,2019-05-17,BTC / USD
bitstamp,2019-05-17T00:06:17.786855Z,btcusd,7917.71,0.02522071,2019-05-17,BTC / USD
bitstamp,2019-05-17T00:06:17.870402Z,btcusd,7917.71,0.06148577,2019-05-17,BTC / USD
bitstamp,2019-05-17T00:06:18.001247Z,btcusd,7917.71,0.01587256,2019-05-17,BTC / USD
bitstamp,2019-05-17T00:06:18.383950Z,btcusd,7917.71,0.00280416,2019-05-17,BTC / USD
bitstamp,2019-05-17T00:06:51.603227Z,btcusd,7914.35,0.00098,2019-05-17,BTC / USD
bitstamp,2019-05-17T00:06:53.078731Z,btcusd,7919.42,0.004488,2019-05-17,BTC / USD
bitstamp,2019-05-17T00:06:54.707610Z,btcusd,7914.47,0.0156,2019-05-17,BTC / USD
bitstamp,2019-05-17T00:07:08.387870Z,btcusd,7919.42,0.00247401,2019-05-17,BTC / USD
bitstamp,2019-05-17T00:07:08.469115Z,btcusd,7919.42,0.01752599,2019-05-17,BTC / USD
bitstamp,2019-05-17T00:07:08.711694Z,btcusd,7919.42,0.33826245,2019-05-17,BTC / USD
bitstamp,2019-05-17T00:07:08.806509Z,btcusd,7925.45,0.00991381,2019-05-17,BTC / USD
bitstamp,2019-05-17T00:07:08.898723Z,btcusd,7925.56,0.5,2019-05-17,BTC / USD
bitstamp,2019-05-17T00:07:08.993021Z,btcusd,7925.6,0.5,2019-05-17,BTC / USD
bitstamp,2019-05-17T00:07:09.435757Z,btcusd,7925.81,0.05461402,2019-05-17,BTC / USD
bitstamp,2019-05-17T00:07:11.836902Z,btcusd,7921.96,0.00189773,2019-05-17,BTC / USD
bitstamp,2019-05-17T00:07:21.011002Z,btcusd,7928.5,0.05294289,2019-05-17,BTC / USD
bitstamp,2019-05-17T00:07:26.741840Z,btcusd,7928.5,0.23191233,2019-05-17,BTC / USD
bitstamp,2019-05-17T00:07:27.175153Z,btcusd,7928.5,0.21036456,2019-05-17,BTC / USD
bitstamp,2019-05-17T00:07:27.264574Z,btcusd,7928.53,0.06588,2019-05-17,BTC / USD
bitstamp,2019-05-17T00:07:27.355363Z,btcusd,7929.53,0.00696201,2019-05-17,BTC / USD
bitstamp,2019-05-17T00:07:27.468497Z,btcusd,7929.53,0.7873441,2019-05-17,BTC / USD
bitstamp,2019-05-17T00:07:33.431032Z,btcusd,7929.51,0.126185,2019-05-17,BTC / USD
bitstamp,2019-05-17T00:07:36.436463Z,btcusd,7929.53,0.00421,2019-05-17,BTC / USD
bitstamp,2019-05-17T00:07:37.045255Z,btcusd,7929.53,1,2019-05-17,BTC / USD
bitstamp,2019-05-17T00:07:38.117522Z,btcusd,7929.53,0.00287676,2019-05-17,BTC / USD
bitstamp,2019-05-17T00:07:38.294332Z,btcusd,7927.96,0.0115902,2019-05-17,BTC / USD
bitstamp,2019-05-17T00:07:40.381497Z,btcusd,7929.53,5,2019-05-17,BTC / USD
bitstamp,2019-05-17T00:07:46.397726Z,btcusd,7929.53,0.05678661,2019-05-17,BTC / USD
bitstamp,2019-05-17T00:07:54.005344Z,btcusd,7927.96,0.65268357,2019-05-17,BTC / USD
bitstamp,2019-05-17T00:07:54.716042Z,btcusd,7926.35,0.01918351,2019-05-17,BTC / USD
bitstamp,2019-05-17T00:08:02.789235Z,btcusd,7921.84,0.03147879,2019-05-17,BTC / USD
bitstamp,2019-05-17T00:08:18.119783Z,btcusd,7919.39,1.16558869,2019-05-17,BTC / USD
bitstamp,2019-05-17T00:08:24.284247Z,btcusd,7929.51,0.0049404,2019-05-17,BTC / USD
bitstamp,2019-05-17T00:08:41.088088Z,btcusd,7929.48,0.9493377,2019-05-17,BTC / USD
bitstamp,2019-05-17T00:08:41.167349Z,btcusd,7929.53,5.64878253,2019-05-17,BTC / USD
bitstamp,2019-05-17T00:08:41.239875Z,btcusd,7930.65,0.79985756,2019-05-17,BTC / USD
bitstamp,2019-05-17T00:08:41.315187Z,btcusd,7934,0.57020958,2019-05-17,BTC / USD
bitstamp,2019-05-17T00:08:41.433540Z,btcusd,7935,0.02,2019-05-17,BTC / USD
bitstamp,2019-05-17T00:08:41.601012Z,btcusd,7935,0.0506623,2019-05-17,BTC / USD
bitstamp,2019-05-17T00:08:42.144802Z,btcusd,7935,1,2019-05-17,BTC / USD
bitstamp,2019-05-17T00:08:42.444352Z,btcusd,7935,0.01755761,2019-05-17,BTC / USD
bitstamp,2019-05-17T00:08:42.528664Z,btcusd,7935,0.13850521,2019-05-17,BTC / USD
bitstamp,2019-05-17T00:08:42.914119Z,btcusd,7935,0.01755755,2019-05-17,BTC / USD
bitstamp,2019-05-17T00:08:43.144015Z,btcusd,7935,0.78752996,2019-05-17,BTC / USD
bitstamp,2019-05-17T00:08:50.340441Z,btcusd,7923.65,0.02323101,2019-05-17,BTC / USD
bitstamp,2019-05-17T00:09:13.016254Z,btcusd,7933.08,0.00720311,2019-05-17,BTC / USD
bitstamp,2019-05-17T00:09:13.111046Z,btcusd,7933.09,0.00637369,2019-05-17,BTC / USD
bitstamp,2019-05-17T00:09:22.384071Z,btcusd,7933.08,0.03516906,2019-05-17,BTC / USD
bitstamp,2019-05-17T00:09:29.715173Z,btcusd,7925.4,0.00098702,2019-05-17,BTC / USD
bitstamp,2019-05-17T00:09:41.497323Z,btcusd,7925.4,0.99901298,2019-05-17,BTC / USD
bitstamp,2019-05-17T00:09:44.636909Z,btcusd,7922.11,0.00792616,2019-05-17,BTC / USD
bitstamp,2019-05-17T00:09:45.771425Z,btcusd,7922.11,0.00635459,2019-05-17,BTC / USD
bitstamp,2019-05-17T00:09:46.107592Z,btcusd,7922.12,0.62615742,2019-05-17,BTC / USD
bitstamp,2019-05-17T00:09:52.271371Z,btcusd,7922.11,0.30299587,2019-05-17,BTC / USD
bitstamp,2019-05-17T00:09:52.421374Z,btcusd,7922.11,0.30296633,2019-05-17,BTC / USD
bitstamp,2019-05-17T00:09:52.497692Z,btcusd,7922.11,0.30300207,2019-05-17,BTC / USD
bitstamp,2019-05-17T00:09:53.055430Z,btcusd,7922.11,0.3029496,2019-05-17,BTC / USD
bitstamp,2019-05-17T00:09:53.135272Z,btcusd,7922.11,0.3029609,2019-05-17,BTC / USD
bitstamp,2019-05-17T00:09:53.409042Z,btcusd,7922.11,0.07607156,2019-05-17,BTC / USD
bitstamp,2019-05-17T00:09:58.478923Z,btcusd,7922.34,0.00803409,2019-05-17,BTC / USD
bitstamp,2019-05-17T00:10:09.668442Z,btcusd,7922.11,0.00252911,2019-05-17,BTC / USD
bitstamp,2019-05-17T00:10:17.586338Z,btcusd,7925.85,0.3449139,2019-05-17,BTC / USD
bitstamp,2019-05-17T00:10:43.574983Z,btcusd,7933.56,0.00242894,2019-05-17,BTC / USD
bitstamp,2019-05-17T00:10:46.751Z,btcusd,7923.71,0.019977,2019-05-17,BTC / USD
bitstamp,2019-05-17T00:10:48.576027Z,btcusd,7933.56,0.09973479,2019-05-17,BTC / USD
bitstamp,2019-05-17T00:11:15.504334Z,btcusd,7923.32,0.004964,2019-05-17,BTC / USD
bitstamp,2019-05-17T00:11:26.365966Z,btcusd,7923.3,0.00349658,2019-05-17,BTC / USD
bitstamp,2019-05-17T00:11:36.727970Z,btcusd,7924.78,0.33503582,2019-05-17,BTC / USD
bitstamp,2019-05-17T00:11:36.810199Z,btcusd,7924.78,0.67190544,2019-05-17,BTC / USD
bitstamp,2019-05-17T00:11:41.761906Z,btcusd,7924.78,0.06969377,2019-05-17,BTC / USD
bitstamp,2019-05-17T00:12:16.657082Z,btcusd,7934.41,0.00185958,2019-05-17,BTC / USD
bitstamp,2019-05-17T00:12:17.811865Z,btcusd,7934.41,0.99814042,2019-05-17,BTC / USD
bitstamp,2019-05-17T00:12:17.896673Z,btcusd,7934.46,0.40324137,2019-05-17,BTC / USD
bitstamp,2019-05-17T00:12:27.186033Z,btcusd,7937.46,0.01383694,2019-05-17,BTC / USD
bitstamp,2019-05-17T00:12:36.198473Z,btcusd,7926.08,0.01,2019-05-17,BTC / USD
bitstamp,2019-05-17T00:12:55.170652Z,btcusd,7933.73,0.50949034,2019-05-17,BTC / USD
bitstamp,2019-05-17T00:13:20.087197Z,btcusd,7936.86,0.00172304,2019-05-17,BTC / USD
bitstamp,2019-05-17T00:13:20.294288Z,btcusd,7936.86,0.00249419,2019-05-17,BTC / USD
bitstamp,2019-05-17T00:13:35.948430Z,btcusd,7926.34,0.02,2019-05-17,BTC / USD
bitstamp,2019-05-17T00:13:36.040149Z,btcusd,7926.3,0.34489675,2019-05-17,BTC / USD
bitstamp,2019-05-17T00:14:08.660443Z,btcusd,7926.34,0.006,2019-05-17,BTC / USD
bitstamp,2019-05-17T00:14:08.789982Z,btcusd,7926.34,0.006,2019-05-17,BTC / USD
bitstamp,2019-05-17T00:14:09.575370Z,btcusd,7926.34,0.008,2019-05-17,BTC / USD
bitstamp,2019-05-17T00:14:09.649834Z,btcusd,7926.34,0.01016373,2019-05-17,BTC / USD
bitstamp,2019-05-17T00:14:17.814150Z,btcusd,7926.35,0.02,2019-05-17,BTC / USD
bitstamp,2019-05-17T00:14:17.897082Z,btcusd,7924.01,1,2019-05-17,BTC / USD
bitstamp,2019-05-17T00:14:17.973777Z,btcusd,7924,1,2019-05-17,BTC / USD
bitstamp,2019-05-17T00:14:18.123170Z,btcusd,7924,0.01258679,2019-05-17,BTC / USD
bitstamp,2019-05-17T00:14:18.714909Z,btcusd,7924,0.02,2019-05-17,BTC / USD
bitstamp,2019-05-17T00:14:18.841152Z,btcusd,7924,0.02,2019-05-17,BTC / USD
bitstamp,2019-05-17T00:14:19.713948Z,btcusd,7924,0.02,2019-05-17,BTC / USD
bitstamp,2019-05-17T00:14:20.169704Z,btcusd,7924,0.02,2019-05-17,BTC / USD
bitstamp,2019-05-17T00:14:20.709575Z,btcusd,7924,0.02,2019-05-17,BTC / USD
bitstamp,2019-05-17T00:14:22.662113Z,btcusd,7924,0.02,2019-05-17,BTC / USD
bitstamp,2019-05-17T00:14:23.677346Z,btcusd,7924,0.02,2019-05-17,BTC / USD
bitstamp,2019-05-17T00:14:36.527958Z,btcusd,7924,0.00279,2019-05-17,BTC / USD
bitstamp,2019-05-17T00:14:42.312615Z,btcusd,7924,0.01616866,2019-05-17,BTC / USD
bitstamp,2019-05-17T00:14:44.246921Z,btcusd,7924,0.00921649,2019-05-17,BTC / USD
bitstamp,2019-05-17T00:14:45.638858Z,btcusd,7924,2,2019-05-17,BTC / USD
bitstamp,2019-05-17T00:14:52.428023Z,btcusd,7924,0.0116952,2019-05-17,BTC / USD
bitstamp,2019-05-17T00:14:57.323323Z,btcusd,7924,0.20994054,2019-05-17,BTC / USD
bitstamp,2019-05-17T00:14:57.417154Z,btcusd,7930.34,0.52005946,2019-05-17,BTC / USD
bitstamp,2019-05-17T00:14:59.762104Z,btcusd,7923.31,0.18163628,2019-05-17,BTC / USD
bitstamp,2019-05-17T00:15:08.789764Z,btcusd,7923.31,0.001741,2019-05-17,BTC / USD
bitstamp,2019-05-17T00:15:13.663526Z,btcusd,7930.34,0.0111127,2019-05-17,BTC / USD
bitstamp,2019-05-17T00:15:30.316289Z,btcusd,7934.16,0.00659411,2019-05-17,BTC / USD
bitstamp,2019-05-17T00:15:30.904853Z,btcusd,7934.16,0.00795053,2019-05-17,BTC / USD
bitstamp,2019-05-17T00:16:17.749194Z,btcusd,7938.01,0.00549384,2019-05-17,BTC / USD
bitstamp,2019-05-17T00:16:17.823656Z,btcusd,7938.11,0.31974975,2019-05-17,BTC / USD
bitstamp,2019-05-17T00:16:31.551152Z,btcusd,7938.64,0.01479914,2019-05-17,BTC / USD
bitstamp,2019-05-17T00:16:32.151162Z,btcusd,7938.64,0.00817459,2019-05-17,BTC / USD
bitstamp,2019-05-17T00:16:32.366768Z,btcusd,7938.64,0.00817467,2019-05-17,BTC / USD
bitstamp,2019-05-17T00:16:33.153515Z,btcusd,7941.96,0.00696201,2019-05-17,BTC / USD
bitstamp,2019-05-17T00:16:33.235126Z,btcusd,7941.96,0.83634879,2019-05-17,BTC / USD
bitstamp,2019-05-17T00:16:48.055185Z,btcusd,7927.76,0.05462047,2019-05-17,BTC / USD
bitstamp,2019-05-17T00:16:48.170861Z,btcusd,7927.75,0.00346908,2019-05-17,BTC / USD
bitstamp,2019-05-17T00:16:50.419577Z,btcusd,7942.09,0.00154996,2019-05-17,BTC / USD
bitstamp,2019-05-17T00:17:15.016277Z,btcusd,7928.3,0.21108468,2019-05-17,BTC / USD
bitstamp,2019-05-17T00:17:15.092051Z,btcusd,7928.3,0.0233031,2019-05-17,BTC / USD
bitstamp,2019-05-17T00:18:04.844563Z,btcusd,7925,0.48,2019-05-17,BTC / USD
bitstamp,2019-05-17T00:18:04.946833Z,btcusd,7923.31,0.81662272,2019-05-17,BTC / USD
bitstamp,2019-05-17T00:18:05.048838Z,btcusd,7923.3,1.99650342,2019-05-17,BTC / USD
bitstamp,2019-05-17T00:18:07.028514Z,btcusd,7922.11,3.17704354,2019-05-17,BTC / USD
bitstamp,2019-05-17T00:18:07.703353Z,btcusd,7922.11,0.21520027,2019-05-17,BTC / USD
bitstamp,2019-05-17T00:18:18.008048Z,btcusd,7924.29,0.05301104,2019-05-17,BTC / USD
bitstamp,2019-05-17T00:18:18.081429Z,btcusd,7924.3,0.45174941,2019-05-17,BTC / USD
bitstamp,2019-05-17T00:18:20.784801Z,btcusd,7913.7,0.02826056,2019-05-17,BTC / USD
bitstamp,2019-05-17T00:18:40.080911Z,btcusd,7923.85,0.00864906,2019-05-17,BTC / USD
bitstamp,2019-05-17T00:18:42.131410Z,btcusd,7926.45,0.26390497,2019-05-17,BTC / USD
bitstamp,2019-05-17T00:19:55.640158Z,btcusd,7925.47,0.125,2019-05-17,BTC / USD
bitstamp,2019-05-17T00:20:06.525732Z,btcusd,7923.55,0.36060922,2019-05-17,BTC / USD
bitstamp,2019-05-17T00:20:12.837902Z,btcusd,7923.25,0.051,2019-05-17,BTC / USD
bitstamp,2019-05-17T00:20:13.807143Z,btcusd,7924.64,0.23,2019-05-17,BTC / USD
bitstamp,2019-05-17T00:20:14.006775Z,btcusd,7924.64,0.77,2019-05-17,BTC / USD
bitstamp,2019-05-17T00:20:14.095926Z,btcusd,7924.74,0.31,2019-05-17,BTC / USD
bitstamp,2019-05-17T00:20:14.264331Z,btcusd,7924.74,0.18971347,2019-05-17,BTC / USD
bitstamp,2019-05-17T00:20:18.195333Z,btcusd,7924.72,0.2,2019-05-17,BTC / USD
bitstamp,2019-05-17T00:20:18.271013Z,btcusd,7924.73,0.06273614,2019-05-17,BTC / USD
bitstamp,2019-05-17T00:20:29.983802Z,btcusd,7921.05,0.01182,2019-05-17,BTC / USD
bitstamp,2019-05-17T00:20:37.899655Z,btcusd,7910,0.83801326,2019-05-17,BTC / USD
bitstamp,2019-05-17T00:20:46.559261Z,btcusd,7910,0.0214952,2019-05-17,BTC / USD
bitstamp,2019-05-17T00:20:52.531915Z,btcusd,7912.85,1,2019-05-17,BTC / USD
bitstamp,2019-05-17T00:20:59.163648Z,btcusd,7910,0.14049154,2019-05-17,BTC / USD
bitstamp,2019-05-17T00:20:59.574499Z,btcusd,7910,0.02625568,2019-05-17,BTC / USD
bitstamp,2019-05-17T00:20:59.670470Z,btcusd,7906.95,0.001695,2019-05-17,BTC / USD
bitstamp,2019-05-17T00:20:59.753838Z,btcusd,7903,5,2019-05-17,BTC / USD
bitstamp,2019-05-17T00:20:59.842698Z,btcusd,7902.17,0.5,2019-05-17,BTC / USD
bitstamp,2019-05-17T00:21:01.578550Z,btcusd,7900.88,0.5,2019-05-17,BTC / USD
bitstamp,2019-05-17T00:21:01.671291Z,btcusd,7897.7,0.01530002,2019-05-17,BTC / USD
bitstamp,2019-05-17T00:21:01.769712Z,btcusd,7897.68,0.5,2019-05-17,BTC / USD
bitstamp,2019-05-17T00:21:01.867146Z,btcusd,7897.64,0.5,2019-05-17,BTC / USD
bitstamp,2019-05-17T00:21:02.047205Z,btcusd,7897.13,0.05466382,2019-05-17,BTC / USD
bitstamp,2019-05-17T00:21:04.082076Z,btcusd,7908.24,0.002738,2019-05-17,BTC / USD
bitstamp,2019-05-17T00:21:13.963314Z,btcusd,7898.7,1.35779538,2019-05-17,BTC / USD
bitstamp,2019-05-17T00:21:14.098079Z,btcusd,7898.7,0.14220462,2019-05-17,BTC / USD
bitstamp,2019-05-17T00:21:14.192506Z,btcusd,7893.78,1,2019-05-17,BTC / USD
bitstamp,2019-05-17T00:21:19.017097Z,btcusd,7896.02,0.01911043,2019-05-17,BTC / USD
bitstamp,2019-05-17T00:21:26.124958Z,btcusd,7900.8,0.5348724,2019-05-17,BTC / USD
bitstamp,2019-05-17T00:21:26.512763Z,btcusd,7900.8,0.02,2019-05-17,BTC / USD
bitstamp,2019-05-17T00:21:27.106417Z,btcusd,7900.8,0.0839916,2019-05-17,BTC / USD
bitstamp,2019-05-17T00:21:27.200577Z,btcusd,7900.8,0.05464244,2019-05-17,BTC / USD
bitstamp,2019-05-17T00:21:27.388509Z,btcusd,7900.8,1.41923715,2019-05-17,BTC / USD
bitstamp,2019-05-17T00:21:27.476897Z,btcusd,7900.8,0.21325706,2019-05-17,BTC / USD
bitstamp,2019-05-17T00:21:28.979242Z,btcusd,7900.8,0.08012024,2019-05-17,BTC / USD
bitstamp,2019-05-17T00:21:29.298564Z,btcusd,7900.38,1.10341913,2019-05-17,BTC / USD
bitstamp,2019-05-17T00:21:31.436629Z,btcusd,7901.15,0.011058,2019-05-17,BTC / USD
bitstamp,2019-05-17T00:22:10.136950Z,btcusd,7906.58,0.00457413,2019-05-17,BTC / USD
bitstamp,2019-05-17T00:22:10.423393Z,btcusd,7906.58,0.00105508,2019-05-17,BTC / USD
bitstamp,2019-05-17T00:22:12.123373Z,btcusd,7912.86,0.00463913,2019-05-17,BTC / USD
bitstamp,2019-05-17T00:22:18.103226Z,btcusd,7906.94,0.05382922,2019-05-17,BTC / USD
bitstamp,2019-05-17T00:22:18.189568Z,btcusd,7915.4,0.0546404,2019-05-17,BTC / USD
bitstamp,2019-05-17T00:22:18.280810Z,btcusd,7915.41,0.57082763,2019-05-17,BTC / USD
bitstamp,2019-05-17T00:22:21.002083Z,btcusd,7901.53,0.01451838,2019-05-17,BTC / USD
bitstamp,2019-05-17T00:22:43.124398Z,btcusd,7907.48,0.002,2019-05-17,BTC / USD
bitstamp,2019-05-17T00:22:46.185192Z,btcusd,7901.53,0.003137,2019-05-17,BTC / USD
bitstamp,2019-05-17T00:23:37.310559Z,btcusd,7900.2,0.02216495,2019-05-17,BTC / USD
bitstamp,2019-05-17T00:23:37.432974Z,btcusd,7894.03,3.1628,2019-05-17,BTC / USD
bitstamp,2019-05-17T00:23:38.545741Z,btcusd,7893.14,0.01762016,2019-05-17,BTC / USD
bitstamp,2019-05-17T00:23:40.309714Z,btcusd,7902.56,0.02979269,2019-05-17,BTC / USD
bitstamp,2019-05-17T00:23:45.900516Z,btcusd,7905.34,0.004214,2019-05-17,BTC / USD
bitstamp,2019-05-17T00:24:05.499076Z,btcusd,7898.89,0.00079146,2019-05-17,BTC / USD
bitstamp,2019-05-17T00:24:05.772224Z,btcusd,7904.62,0.00341454,2019-05-17,BTC / USD
bitstamp,2019-05-17T00:24:06.931120Z,btcusd,7898.89,0.00175198,2019-05-17,BTC / USD
bitstamp,2019-05-17T00:24:07.082485Z,btcusd,7892.96,0.05476765,2019-05-17,BTC / USD
bitstamp,2019-05-17T00:24:07.186279Z,btcusd,7892.95,1.32474889,2019-05-17,BTC / USD
bitstamp,2019-05-17T00:24:18.290850Z,btcusd,7902.97,0.35546502,2019-05-17,BTC / USD
bitstamp,2019-05-17T00:24:31.295090Z,btcusd,7892.95,0.05483643,2019-05-17,BTC / USD
bitstamp,2019-05-17T00:24:31.629381Z,btcusd,7892.95,0.103376,2019-05-17,BTC / USD
bitstamp,2019-05-17T00:24:31.817203Z,btcusd,7892.95,0.00807737,2019-05-17,BTC / USD
bitstamp,2019-05-17T00:24:32.015282Z,btcusd,7892.95,0.16425305,2019-05-17,BTC / USD
bitstamp,2019-05-17T00:24:32.777079Z,btcusd,7892.95,0.0477591,2019-05-17,BTC / USD
bitstamp,2019-05-17T00:24:32.865549Z,btcusd,7892.95,0.0158404,2019-05-17,BTC / USD
bitstamp,2019-05-17T00:24:32.948367Z,btcusd,7892.95,0.10778302,2019-05-17,BTC / USD
bitstamp,2019-05-17T00:24:50.864595Z,btcusd,7888.42,1,2019-05-17,BTC / USD
bitstamp,2019-05-17T00:24:51.973224Z,btcusd,7888.42,0.1705,2019-05-17,BTC / USD
bitstamp,2019-05-17T00:24:52.085109Z,btcusd,7888.42,0.2468,2019-05-17,BTC / USD
bitstamp,2019-05-17T00:24:52.291980Z,btcusd,7888.42,0.00417654,2019-05-17,BTC / USD
bitstamp,2019-05-17T00:24:52.390051Z,btcusd,7888.42,0.00417654,2019-05-17,BTC / USD
bitstamp,2019-05-17T00:24:52.617506Z,btcusd,7888.42,1.74484692,2019-05-17,BTC / USD
bitstamp,2019-05-17T00:24:52.895594Z,btcusd,7889.7,0.25515308,2019-05-17,BTC / USD
bitstamp,2019-05-17T00:24:53.106620Z,btcusd,7888.42,0.00417654,2019-05-17,BTC / USD
bitstamp,2019-05-17T00:24:53.239865Z,btcusd,7888.41,0.24682078,2019-05-17,BTC / USD
bitstamp,2019-05-17T00:24:53.549739Z,btcusd,7888.42,0.41592149,2019-05-17,BTC / USD
bitstamp,2019-05-17T00:25:25.449736Z,btcusd,7893.75,0.00845399,2019-05-17,BTC / USD
bitstamp,2019-05-17T00:25:44.283770Z,btcusd,7898.45,0.0089,2019-05-17,BTC / USD
bitstamp,2019-05-17T00:25:55.107790Z,btcusd,7898.95,1.98558106,2019-05-17,BTC / USD
bitstamp,2019-05-17T00:26:02.995069Z,btcusd,7898.45,1.743e-05,2019-05-17,BTC / USD
bitstamp,2019-05-17T00:26:03.095805Z,btcusd,7888.4,1.7860973,2019-05-17,BTC / USD
bitstamp,2019-05-17T00:26:15.672377Z,btcusd,7895.46,0.98521935,2019-05-17,BTC / USD
bitstamp,2019-05-17T00:26:18.352018Z,btcusd,7895.46,0.00656467,2019-05-17,BTC / USD
bitstamp,2019-05-17T00:26:20.149872Z,btcusd,7895.46,0.00496066,2019-05-17,BTC / USD
bitstamp,2019-05-17T00:26:42.934459Z,btcusd,7892.06,0.01183828,2019-05-17,BTC / USD
bitstamp,2019-05-17T00:26:56.579239Z,btcusd,7889.7,0.02358023,2019-05-17,BTC / USD
bitstamp,2019-05-17T00:27:08.746591Z,btcusd,7883.61,0.0018,2019-05-17,BTC / USD
bitstamp,2019-05-17T00:27:30.457712Z,btcusd,7887.91,1.27382691,2019-05-17,BTC / USD
bitstamp,2019-05-17T00:28:18.628183Z,btcusd,7891.29,0.47452078,2019-05-17,BTC / USD
bitstamp,2019-05-17T00:28:18.713341Z,btcusd,7892.85,0.03052659,2019-05-17,BTC / USD
bitstamp,2019-05-17T00:28:18.802025Z,btcusd,7894.98,1.80515765,2019-05-17,BTC / USD
bitstamp,2019-05-17T00:28:19.338340Z,btcusd,7894.98,0.04789716,2019-05-17,BTC / USD
bitstamp,2019-05-17T00:28:19.576433Z,btcusd,7892.4,0.00992656,2019-05-17,BTC / USD
bitstamp,2019-05-17T00:28:47.888990Z,btcusd,7892.33,0.0235734,2019-05-17,BTC / USD
bitstamp,2019-05-17T00:28:54.477829Z,btcusd,7893.27,0.12535657,2019-05-17,BTC / USD
bitstamp,2019-05-17T00:29:01.133044Z,btcusd,7895.45,0.00455905,2019-05-17,BTC / USD
bitstamp,2019-05-17T00:29:01.224437Z,btcusd,7896.33,0.00171096,2019-05-17,BTC / USD
bitstamp,2019-05-17T00:29:14.368714Z,btcusd,7897.86,0.00151148,2019-05-17,BTC / USD
bitstamp,2019-05-17T00:29:26.735778Z,btcusd,7895.44,0.20169103,2019-05-17,BTC / USD
bitstamp,2019-05-17T00:29:36.951915Z,btcusd,7897.16,0.014035,2019-05-17,BTC / USD
bitstamp,2019-05-17T00:29:52.427565Z,btcusd,7894.22,0.01364056,2019-05-17,BTC / USD
bitstamp,2019-05-17T00:29:56.452024Z,btcusd,7895.37,0.024845,2019-05-17,BTC / USD
bitstamp,2019-05-17T00:30:04.819960Z,btcusd,7895.37,0.17706497,2019-05-17,BTC / USD
bitstamp,2019-05-17T00:30:06.110798Z,btcusd,7898.02,0.12517283,2019-05-17,BTC / USD
bitstamp,2019-05-17T00:30:13.749654Z,btcusd,7895.24,0.02738557,2019-05-17,BTC / USD
bitstamp,2019-05-17T00:30:18.513663Z,btcusd,7894.74,0.2234,2019-05-17,BTC / USD
bitstamp,2019-05-17T00:30:18.595802Z,btcusd,7895.24,0.94959053,2019-05-17,BTC / USD
bitstamp,2019-05-17T00:30:18.685038Z,btcusd,7897.9,2,2019-05-17,BTC / USD
bitstamp,2019-05-17T00:30:18.767882Z,btcusd,7898.01,0.99420502,2019-05-17,BTC / USD
bitstamp,2019-05-17T00:30:28.982414Z,btcusd,7893.73,0.00244244,2019-05-17,BTC / USD
bitstamp,2019-05-17T00:30:29.069242Z,btcusd,7895.6,0.04884881,2019-05-17,BTC / USD
bitstamp,2019-05-17T00:30:29.152686Z,btcusd,7897.93,0.02,2019-05-17,BTC / USD
bitstamp,2019-05-17T00:30:29.237382Z,btcusd,7901.02,0.18056756,2019-05-17,BTC / USD
bitstamp,2019-05-17T00:30:43.072069Z,btcusd,7898.08,0.02,2019-05-17,BTC / USD
bitstamp,2019-05-17T00:30:43.180428Z,btcusd,7899.26,0.0153484,2019-05-17,BTC / USD
bitstamp,2019-05-17T00:31:10.696942Z,btcusd,7894.98,0.18123616,2019-05-17,BTC / USD
bitstamp,2019-05-17T00:31:16.515969Z,btcusd,7903.95,0.02709715,2019-05-17,BTC / USD
bitstamp,2019-05-17T00:31:16.725898Z,btcusd,7903.95,0.02510447,2019-05-17,BTC / USD
bitstamp,2019-05-17T00:31:20.131474Z,btcusd,7899.16,0.06730392,2019-05-17,BTC / USD
bitstamp,2019-05-17T00:31:28.366820Z,btcusd,7906.49,0.02168065,2019-05-17,BTC / USD
bitstamp,2019-05-17T00:31:31.160197Z,btcusd,7905.05,0.00721624,2019-05-17,BTC / USD
bitstamp,2019-05-17T00:31:31.408208Z,btcusd,7905.05,0.00721608,2019-05-17,BTC / USD
bitstamp,2019-05-17T00:31:41.606435Z,btcusd,7905.05,0.03101117,2019-05-17,BTC / USD
bitstamp,2019-05-17T00:31:54.119759Z,btcusd,7909.27,0.02,2019-05-17,BTC / USD
bitstamp,2019-05-17T00:31:54.554064Z,btcusd,7909.27,0.00396175,2019-05-17,BTC / USD
bitstamp,2019-05-17T00:31:54.647983Z,btcusd,7909.27,1.68563825,2019-05-17,BTC / USD
bitstamp,2019-05-17T00:31:56.605061Z,btcusd,7909.27,0.02,2019-05-17,BTC / USD
bitstamp,2019-05-17T00:32:03.593700Z,btcusd,7909.27,0.69589168,2019-05-17,BTC / USD
bitstamp,2019-05-17T00:32:03.676400Z,btcusd,7909.27,0.43120832,2019-05-17,BTC / USD
bitstamp,2019-05-17T00:32:07.874090Z,btcusd,7909.28,0.19115534,2019-05-17,BTC / USD
bitstamp,2019-05-17T00:32:17.395963Z,btcusd,7909.28,0.07,2019-05-17,BTC / USD
bitstamp,2019-05-17T00:32:18.506649Z,btcusd,7909.28,0.32580534,2019-05-17,BTC / USD
bitstamp,2019-05-17T00:32:30.692340Z,btcusd,7909.28,0.08061488,2019-05-17,BTC / USD
bitstamp,2019-05-17T00:33:01.327333Z,btcusd,7909.28,1.98095207,2019-05-17,BTC / USD
bitstamp,2019-05-17T00:33:01.565613Z,btcusd,7909.28,2.39436105,2019-05-17,BTC / USD
bitstamp,2019-05-17T00:33:02.070551Z,btcusd,7909.28,1.30975913,2019-05-17,BTC / USD
bitstamp,2019-05-17T00:33:02.421762Z,btcusd,7909.28,2.08235219,2019-05-17,BTC / USD
bitstamp,2019-05-17T00:33:04.290720Z,btcusd,7911.97,0.04174225,2019-05-17,BTC / USD
bitstamp,2019-05-17T00:33:06.203420Z,btcusd,7911.97,0.2201987,2019-05-17,BTC / USD
bitstamp,2019-05-17T00:33:06.387990Z,btcusd,7911.97,0.0103782,2019-05-17,BTC / USD
bitstamp,2019-05-17T00:33:29.551811Z,btcusd,7918.44,0.11555731,2019-05-17,BTC / USD
bitstamp,2019-05-17T00:33:33.741312Z,btcusd,7918.44,0.00675493,2019-05-17,BTC / USD
bitstamp,2019-05-17T00:33:42.105596Z,btcusd,7920.29,0.5,2019-05-17,BTC / USD
bitstamp,2019-05-17T00:33:42.190844Z,btcusd,7920.33,0.5,2019-05-17,BTC / USD
bitstamp,2019-05-17T00:34:03.946472Z,btcusd,7917.69,0.09773512,2019-05-17,BTC / USD
bitstamp,2019-05-17T00:34:07.069306Z,btcusd,7917.69,0.06851134,2019-05-17,BTC / USD
bitstamp,2019-05-17T00:34:09.706566Z,btcusd,7919.01,0.04766087,2019-05-17,BTC / USD
bitstamp,2019-05-17T00:34:13.750081Z,btcusd,7922.85,0.02839887,2019-05-17,BTC / USD
bitstamp,2019-05-17T00:34:13.827415Z,btcusd,7923.28,0.0967647,2019-05-17,BTC / USD
bitstamp,2019-05-17T00:34:18.892225Z,btcusd,7923.28,0.4032353,2019-05-17,BTC / USD
bitstamp,2019-05-17T00:34:18.975024Z,btcusd,7925.01,0.57831918,2019-05-17,BTC / USD
bitstamp,2019-05-17T00:34:35.606487Z,btcusd,7923.16,0.0393039,2019-05-17,BTC / USD
bitstamp,2019-05-17T00:34:35.823395Z,btcusd,7923.16,0.01854253,2019-05-17,BTC / USD
bitstamp,2019-05-17T00:34:41.303370Z,btcusd,7925.98,0.02,2019-05-17,BTC / USD
bitstamp,2019-05-17T00:34:43.126865Z,btcusd,7926,0.23170451,2019-05-17,BTC / USD
bitstamp,2019-05-17T00:35:00.641734Z,btcusd,7926,0.00325105,2019-05-17,BTC / USD
bitstamp,2019-05-17T00:35:54.596299Z,btcusd,7926,0.02947168,2019-05-17,BTC / USD
bitstamp,2019-05-17T00:35:56.103770Z,btcusd,7927.56,0.96099493,2019-05-17,BTC / USD
bitstamp,2019-05-17T00:35:56.235104Z,btcusd,7931.02,1.02333999,2019-05-17,BTC / USD
bitstamp,2019-05-17T00:36:17.043808Z,btcusd,7928.49,0.00493999,2019-05-17,BTC / USD
bitstamp,2019-05-17T00:36:19.751714Z,btcusd,7929.66,0.13875987,2019-05-17,BTC / USD
bitstamp,2019-05-17T00:36:21.287761Z,btcusd,7924.33,0.209309,2019-05-17,BTC / USD
bitstamp,2019-05-17T00:36:21.414993Z,btcusd,7924.33,0.00726182,2019-05-17,BTC / USD
bitstamp,2019-05-17T00:36:21.593486Z,btcusd,7924.33,0.00145186,2019-05-17,BTC / USD
bitstamp,2019-05-17T00:36:21.847288Z,btcusd,7924.33,0.00205537,2019-05-17,BTC / USD
bitstamp,2019-05-17T00:36:21.928099Z,btcusd,7924.33,0.0183237,2019-05-17,BTC / USD
bitstamp,2019-05-17T00:36:22.003208Z,btcusd,7924,0.02434272,2019-05-17,BTC / USD
bitstamp,2019-05-17T00:36:22.226270Z,btcusd,7924,0.002208,2019-05-17,BTC / USD
bitstamp,2019-05-17T00:36:35.184060Z,btcusd,7924,0.00153966,2019-05-17,BTC / USD
bitstamp,2019-05-17T00:36:54.224631Z,btcusd,7924,0.24994222,2019-05-17,BTC / USD
bitstamp,2019-05-17T00:36:55.432501Z,btcusd,7924,0.6254272,2019-05-17,BTC / USD
bitstamp,2019-05-17T00:37:05.797488Z,btcusd,7928.18,0.07951136,2019-05-17,BTC / USD
bitstamp,2019-05-17T00:37:16.097961Z,btcusd,7928.07,0.02346292,2019-05-17,BTC / USD
bitstamp,2019-05-17T00:37:45.247789Z,btcusd,7928.73,0.02346727,2019-05-17,BTC / USD
bitstamp,2019-05-17T00:37:51.724376Z,btcusd,7925.26,0.01747178,2019-05-17,BTC / USD
bitstamp,2019-05-17T00:38:19.657867Z,btcusd,7929.66,0.35791648,2019-05-17,BTC / USD
bitstamp,2019-05-17T00:38:21.225272Z,btcusd,7924,0.05989561,2019-05-17,BTC / USD
bitstamp,2019-05-17T00:38:37.618705Z,btcusd,7924,0.00862527,2019-05-17,BTC / USD
bitstamp,2019-05-17T00:38:46.053348Z,btcusd,7924,0.02801932,2019-05-17,BTC / USD
bitstamp,2019-05-17T00:38:46.138180Z,btcusd,7923,1,2019-05-17,BTC / USD
bitstamp,2019-05-17T00:38:46.222113Z,btcusd,7922,1,2019-05-17,BTC / USD
bitstamp,2019-05-17T00:38:46.309695Z,btcusd,7921.67,0.19011774,2019-05-17,BTC / USD
bitstamp,2019-05-17T00:38:47.074762Z,btcusd,7921,1,2019-05-17,BTC / USD
bitstamp,2019-05-17T00:38:48.204865Z,btcusd,7920,1,2019-05-17,BTC / USD
bitstamp,2019-05-17T00:38:52.876605Z,btcusd,7922.35,0.0254634,2019-05-17,BTC / USD
bitstamp,2019-05-17T00:39:38.905383Z,btcusd,7917.89,0.11748773,2019-05-17,BTC / USD
bitstamp,2019-05-17T00:39:42.736276Z,btcusd,7917.89,0.00424,2019-05-17,BTC / USD
bitstamp,2019-05-17T00:40:18.996776Z,btcusd,7917.12,0.31595642,2019-05-17,BTC / USD
bitstamp,2019-05-17T00:40:32.995020Z,btcusd,7917.09,0.10741794,2019-05-17,BTC / USD
bitstamp,2019-05-17T00:40:33.338948Z,btcusd,7912.39,0.33466102,2019-05-17,BTC / USD
bitstamp,2019-05-17T00:40:35.176634Z,btcusd,7917.09,0.03500907,2019-05-17,BTC / USD
bitstamp,2019-05-17T00:40:42.308684Z,btcusd,7912.75,0.00382983,2019-05-17,BTC / USD
bitstamp,2019-05-17T00:40:56.834253Z,btcusd,7909.52,0.02,2019-05-17,BTC / USD
bitstamp,2019-05-17T00:40:57.870321Z,btcusd,7909.52,0.01412093,2019-05-17,BTC / USD
bitstamp,2019-05-17T00:40:57.952247Z,btcusd,7909.52,0.00587907,2019-05-17,BTC / USD
bitstamp,2019-05-17T00:40:58.130326Z,btcusd,7908.37,0.02167112,2019-05-17,BTC / USD
bitstamp,2019-05-17T00:40:58.868092Z,btcusd,7909.52,0.02,2019-05-17,BTC / USD
bitstamp,2019-05-17T00:41:02.178802Z,btcusd,7908.38,0.01164692,2019-05-17,BTC / USD
bitstamp,2019-05-17T00:41:03.234161Z,btcusd,7908.37,0.01164692,2019-05-17,BTC / USD
bitstamp,2019-05-17T00:41:18.608565Z,btcusd,7907.54,1.63852937,2019-05-17,BTC / USD
bitstamp,2019-05-17T00:41:18.797460Z,btcusd,7907.54,2.08825245,2019-05-17,BTC / USD
bitstamp,2019-05-17T00:41:21.381553Z,btcusd,7907.54,0.22473739,2019-05-17,BTC / USD
bitstamp,2019-05-17T00:41:25.765099Z,btcusd,7907.99,0.07058399,2019-05-17,BTC / USD
bitstamp,2019-05-17T00:41:27.511273Z,btcusd,7907.99,1.57862984,2019-05-17,BTC / USD
bitstamp,2019-05-17T00:41:27.598644Z,btcusd,7907.99,0.1165461,2019-05-17,BTC / USD
bitstamp,2019-05-17T00:41:28.970578Z,btcusd,7907.99,0.08246069,2019-05-17,BTC / USD
bitstamp,2019-05-17T00:41:31.103865Z,btcusd,7909.09,0.19575019,2019-05-17,BTC / USD
bitstamp,2019-05-17T00:41:31.252951Z,btcusd,7918.13,0.05476749,2019-05-17,BTC / USD
bitstamp,2019-05-17T00:41:31.491831Z,btcusd,7918.15,0.20568232,2019-05-17,BTC / USD
bitstamp,2019-05-17T00:41:37.035246Z,btcusd,7907.98,0.39815718,2019-05-17,BTC / USD
bitstamp,2019-05-17T00:41:54.045218Z,btcusd,7910.03,0.05293781,2019-05-17,BTC / USD
bitstamp,2019-05-17T00:42:14.173483Z,btcusd,7907.5,0.02352808,2019-05-17,BTC / USD
bitstamp,2019-05-17T00:42:18.972407Z,btcusd,7904.21,0.47134164,2019-05-17,BTC / USD
bitstamp,2019-05-17T00:42:21.299923Z,btcusd,7900.48,0.02329384,2019-05-17,BTC / USD
bitstamp,2019-05-17T00:42:21.382947Z,btcusd,7898.79,0.00418616,2019-05-17,BTC / USD
bitstamp,2019-05-17T00:42:27.110112Z,btcusd,7898.79,0.49581384,2019-05-17,BTC / USD
bitstamp,2019-05-17T00:42:27.201733Z,btcusd,7898.79,0.02352578,2019-05-17,BTC / USD
bitstamp,2019-05-17T00:42:27.292089Z,btcusd,7896.98,0.5,2019-05-17,BTC / USD
bitstamp,2019-05-17T00:42:27.381274Z,btcusd,7896.94,0.5,2019-05-17,BTC / USD
bitstamp,2019-05-17T00:42:47.811520Z,btcusd,7895.56,0.004,2019-05-17,BTC / USD
bitstamp,2019-05-17T00:42:50.517160Z,btcusd,7895.56,0.00012303,2019-05-17,BTC / USD
bitstamp,2019-05-17T00:43:08.401042Z,btcusd,7907.5,0.06235139,2019-05-17,BTC / USD
bitstamp,2019-05-17T00:43:10.118360Z,btcusd,7907.5,0.86622686,2019-05-17,BTC / USD
bitstamp,2019-05-17T00:43:10.262457Z,btcusd,7908.03,1.02836357,2019-05-17,BTC / USD
bitstamp,2019-05-17T00:43:24.155398Z,btcusd,7902.44,0.03010571,2019-05-17,BTC / USD
bitstamp,2019-05-17T00:44:19.710021Z,btcusd,7911.53,0.36525188,2019-05-17,BTC / USD
bitstamp,2019-05-17T00:44:22.155782Z,btcusd,7911.53,1.89369439,2019-05-17,BTC / USD
bitstamp,2019-05-17T00:44:22.238155Z,btcusd,7911.53,0.71269016,2019-05-17,BTC / USD
bitstamp,2019-05-17T00:44:22.389888Z,btcusd,7913.25,2.06427953,2019-05-17,BTC / USD
bitstamp,2019-05-17T00:44:22.469862Z,btcusd,7913.25,0.43572047,2019-05-17,BTC / USD
bitstamp,2019-05-17T00:44:22.693638Z,btcusd,7915.47,1.3309696,2019-05-17,BTC / USD
bitstamp,2019-05-17T00:44:44.877556Z,btcusd,7917.24,0.1,2019-05-17,BTC / USD
bitstamp,2019-05-17T00:44:45.391555Z,btcusd,7917.24,0.1,2019-05-17,BTC / USD
bitstamp,2019-05-17T00:44:46.342657Z,btcusd,7917.24,0.1,2019-05-17,BTC / USD
bitstamp,2019-05-17T00:44:46.757787Z,btcusd,7917.24,0.1,2019-05-17,BTC / USD
bitstamp,2019-05-17T00:44:47.121159Z,btcusd,7919.04,1.89189851,2019-05-17,BTC / USD
bitstamp,2019-05-17T00:44:49.098759Z,btcusd,7917.24,0.1,2019-05-17,BTC / USD
bitstamp,2019-05-17T00:45:12.202977Z,btcusd,7920.05,0.01303045,2019-05-17,BTC / USD
bitstamp,2019-05-17T00:45:17.746202Z,btcusd,7920.05,0.14252054,2019-05-17,BTC / USD
bitstamp,2019-05-17T00:45:29.630591Z,btcusd,7922.59,0.0275,2019-05-17,BTC / USD
bitstamp,2019-05-17T00:45:29.705237Z,btcusd,7922.69,1,2019-05-17,BTC / USD
bitstamp,2019-05-17T00:45:29.808834Z,btcusd,7922.96,1.4725,2019-05-17,BTC / USD
bitstamp,2019-05-17T00:45:45.951177Z,btcusd,7918.59,0.63706402,2019-05-17,BTC / USD
bitstamp,2019-05-17T00:45:46.036823Z,btcusd,7918.59,0.02442062,2019-05-17,BTC / USD
bitstamp,2019-05-17T00:45:52.670809Z,btcusd,7915,3.7665,2019-05-17,BTC / USD
bitstamp,2019-05-17T00:46:19.170617Z,btcusd,7920.38,0.19759379,2019-05-17,BTC / USD
bitstamp,2019-05-17T00:46:20.977254Z,btcusd,7918.67,0.19167285,2019-05-17,BTC / USD
bitstamp,2019-05-17T00:46:52.667592Z,btcusd,7923.2,0.06515025,2019-05-17,BTC / USD
bitstamp,2019-05-17T00:46:52.760171Z,btcusd,7922.63,0.90113053,2019-05-17,BTC / USD
bitstamp,2019-05-17T00:46:54.474427Z,btcusd,7924.41,1.49164959,2019-05-17,BTC / USD
bitstamp,2019-05-17T00:46:55.126033Z,btcusd,7924.41,1.20219965,2019-05-17,BTC / USD
bitstamp,2019-05-17T00:46:55.383553Z,btcusd,7924.41,0.50908161,2019-05-17,BTC / USD
bitstamp,2019-05-17T00:46:55.475191Z,btcusd,7924.49,0.5,2019-05-17,BTC / USD
bitstamp,2019-05-17T00:46:55.559371Z,btcusd,7924.53,0.48966873,2019-05-17,BTC / USD
bitstamp,2019-05-17T00:46:59.799778Z,btcusd,7922.74,0.04831404,2019-05-17,BTC / USD
bitstamp,2019-05-17T00:47:05.720132Z,btcusd,7922.74,0.14379547,2019-05-17,BTC / USD
bitstamp,2019-05-17T00:47:07.116243Z,btcusd,7922.42,0.07684184,2019-05-17,BTC / USD
bitstamp,2019-05-17T00:47:07.251546Z,btcusd,7915.02,0.006992,2019-05-17,BTC / USD
bitstamp,2019-05-17T00:47:07.339725Z,btcusd,7915.02,0.2,2019-05-17,BTC / USD
bitstamp,2019-05-17T00:47:07.531523Z,btcusd,7914.83,0.5,2019-05-17,BTC / USD
bitstamp,2019-05-17T00:47:07.613245Z,btcusd,7914.83,1,2019-05-17,BTC / USD
bitstamp,2019-05-17T00:47:07.707314Z,btcusd,7914.83,1.8993419,2019-05-17,BTC / USD
bitstamp,2019-05-17T00:47:07.861356Z,btcusd,7912.77,3.3710857,2019-05-17,BTC / USD
bitstamp,2019-05-17T00:47:08.037552Z,btcusd,7912.73,0.22879906,2019-05-17,BTC / USD
bitstamp,2019-05-17T00:47:37.273292Z,btcusd,7923.32,0.0024157,2019-05-17,BTC / USD
bitstamp,2019-05-17T00:47:37.364333Z,btcusd,7923.93,0.00288129,2019-05-17,BTC / USD
bitstamp,2019-05-17T00:47:46.440549Z,btcusd,7923.97,0.21008089,2019-05-17,BTC / USD
bitstamp,2019-05-17T00:48:13.399121Z,btcusd,7918.16,0.00529699,2019-05-17,BTC / USD
bitstamp,2019-05-17T00:48:19.441913Z,btcusd,7924.52,0.02782602,2019-05-17,BTC / USD
bitstamp,2019-05-17T00:48:19.522766Z,btcusd,7924.53,0.01033127,2019-05-17,BTC / USD
bitstamp,2019-05-17T00:48:19.604269Z,btcusd,7925.86,0.27193496,2019-05-17,BTC / USD
bitstamp,2019-05-17T00:48:22.330966Z,btcusd,7925.86,0.00374808,2019-05-17,BTC / USD
bitstamp,2019-05-17T00:48:31.253005Z,btcusd,7918.2,0.33813835,2019-05-17,BTC / USD
bitstamp,2019-05-17T00:48:50.858884Z,btcusd,7925.86,0.00864929,2019-05-17,BTC / USD
bitstamp,2019-05-17T00:49:04.123466Z,btcusd,7918.15,0.5,2019-05-17,BTC / USD
bitstamp,2019-05-17T00:49:08.819354Z,btcusd,7922.76,0.00531662,2019-05-17,BTC / USD
bitstamp,2019-05-17T00:49:14.584159Z,btcusd,7918.15,0.02657732,2019-05-17,BTC / USD
bitstamp,2019-05-17T00:49:18.225047Z,btcusd,7918.85,0.01310107,2019-05-17,BTC / USD
bitstamp,2019-05-17T00:49:22.706134Z,btcusd,7912.49,0.02871504,2019-05-17,BTC / USD
bitstamp,2019-05-17T00:49:51.120850Z,btcusd,7907.67,1.00932205,2019-05-17,BTC / USD
bitstamp,2019-05-17T00:49:51.436249Z,btcusd,7907.67,1.49067795,2019-05-17,BTC / USD
bitstamp,2019-05-17T00:49:51.518774Z,btcusd,7907.67,1.02619073,2019-05-17,BTC / USD
bitstamp,2019-05-17T00:49:55.349102Z,btcusd,7907.67,0.016,2019-05-17,BTC / USD
bitstamp,2019-05-17T00:49:55.528489Z,btcusd,7907.67,0.46715719,2019-05-17,BTC / USD
bitstamp,2019-05-17T00:49:58.940614Z,btcusd,7910.03,0.0059039,2019-05-17,BTC / USD
bitstamp,2019-05-17T00:50:03.400284Z,btcusd,7919.04,0.00495179,2019-05-17,BTC / USD
bitstamp,2019-05-17T00:50:19.481544Z,btcusd,7920.42,0.59938534,2019-05-17,BTC / USD
bitstamp,2019-05-17T00:50:35.918613Z,btcusd,7915.59,0.02758005,2019-05-17,BTC / USD
bitstamp,2019-05-17T00:50:36.820343Z,btcusd,7915.59,0.05066632,2019-05-17,BTC / USD
bitstamp,2019-05-17T00:50:37.957927Z,btcusd,7915.57,0.02050717,2019-05-17,BTC / USD
bitstamp,2019-05-17T00:50:38.093484Z,btcusd,7915.57,0.30519755,2019-05-17,BTC / USD
bitstamp,2019-05-17T00:50:38.872677Z,btcusd,7915.57,0.41474397,2019-05-17,BTC / USD
bitstamp,2019-05-17T00:51:04.437642Z,btcusd,7915.44,0.05985895,2019-05-17,BTC / USD
bitstamp,2019-05-17T00:51:18.386271Z,btcusd,7915.41,0.2176048,2019-05-17,BTC / USD
bitstamp,2019-05-17T00:51:18.472044Z,btcusd,7915.44,0.7823952,2019-05-17,BTC / USD
bitstamp,2019-05-17T00:51:24.465341Z,btcusd,7914.09,0.00494814,2019-05-17,BTC / USD
bitstamp,2019-05-17T00:51:35.558299Z,btcusd,7911.62,0.01144729,2019-05-17,BTC / USD
bitstamp,2019-05-17T00:51:50.545361Z,btcusd,7906.89,1.9155019,2019-05-17,BTC / USD
bitstamp,2019-05-17T00:51:50.769216Z,btcusd,7906.89,0.02,2019-05-17,BTC / USD
bitstamp,2019-05-17T00:51:51.989173Z,btcusd,7906.89,0.2644981,2019-05-17,BTC / USD
bitstamp,2019-05-17T00:51:52.073146Z,btcusd,7906.89,0.02011095,2019-05-17,BTC / USD
bitstamp,2019-05-17T00:51:52.164897Z,btcusd,7903.61,0.5,2019-05-17,BTC / USD
bitstamp,2019-05-17T00:51:52.251484Z,btcusd,7903.44,0.5,2019-05-17,BTC / USD
bitstamp,2019-05-17T00:52:06.281517Z,btcusd,7902.37,0.05123345,2019-05-17,BTC / USD
bitstamp,2019-05-17T00:52:19.401667Z,btcusd,7900.55,1.42815766,2019-05-17,BTC / USD
bitstamp,2019-05-17T00:52:29.364063Z,btcusd,7900.55,0.15931932,2019-05-17,BTC / USD
bitstamp,2019-05-17T00:52:35.328259Z,btcusd,7900.52,0.02261076,2019-05-17,BTC / USD
bitstamp,2019-05-17T00:52:46.647333Z,btcusd,7900.52,0.14509967,2019-05-17,BTC / USD
bitstamp,2019-05-17T00:52:46.731998Z,btcusd,7900.8,0.02746933,2019-05-17,BTC / USD
bitstamp,2019-05-17T00:52:55.099015Z,btcusd,7896.34,0.06791648,2019-05-17,BTC / USD
bitstamp,2019-05-17T00:53:26.114773Z,btcusd,7883.6,0.00100036,2019-05-17,BTC / USD
bitstamp,2019-05-17T00:53:26.210900Z,btcusd,7879.28,3.29408828,2019-05-17,BTC / USD
bitstamp,2019-05-17T00:53:28.171908Z,btcusd,7873.26,0.1673,2019-05-17,BTC / USD
bitstamp,2019-05-17T00:53:28.246263Z,btcusd,7873.26,0.1673,2019-05-17,BTC / USD
bitstamp,2019-05-17T00:53:28.326637Z,btcusd,7873.26,0.6654,2019-05-17,BTC / USD
bitstamp,2019-05-17T00:53:28.603633Z,btcusd,7884.23,0.1673,2019-05-17,BTC / USD
bitstamp,2019-05-17T00:53:29.191613Z,btcusd,7874.86,0.0099775,2019-05-17,BTC / USD
bitstamp,2019-05-17T00:53:29.287438Z,btcusd,7874.86,0.05498456,2019-05-17,BTC / USD
bitstamp,2019-05-17T00:53:29.370551Z,btcusd,7873.26,0.13392827,2019-05-17,BTC / USD
bitstamp,2019-05-17T00:53:29.851109Z,btcusd,7883.51,0.04921592,2019-05-17,BTC / USD
bitstamp,2019-05-17T00:53:37.429485Z,btcusd,7884.86,0.00126999,2019-05-17,BTC / USD
bitstamp,2019-05-17T00:53:38.351801Z,btcusd,7885.54,0.04343615,2019-05-17,BTC / USD
bitstamp,2019-05-17T00:53:38.757433Z,btcusd,7885.54,2.1699,2019-05-17,BTC / USD
bitstamp,2019-05-17T00:53:40.089680Z,btcusd,7882.95,0.00126999,2019-05-17,BTC / USD
bitstamp,2019-05-17T00:53:40.772221Z,btcusd,7882.95,0.00126999,2019-05-17,BTC / USD
bitstamp,2019-05-17T00:53:41.114607Z,btcusd,7882.95,0.00126999,2019-05-17,BTC / USD
bitstamp,2019-05-17T00:53:41.648273Z,btcusd,7882.95,0.00126999,2019-05-17,BTC / USD
bitstamp,2019-05-17T00:53:42.319836Z,btcusd,7882.95,0.00126999,2019-05-17,BTC / USD
bitstamp,2019-05-17T00:53:42.755246Z,btcusd,7882.95,0.00126999,2019-05-17,BTC / USD
bitstamp,2019-05-17T00:53:43.149850Z,btcusd,7882.95,0.00126999,2019-05-17,BTC / USD
bitstamp,2019-05-17T00:53:43.633039Z,btcusd,7882.95,0.00126999,2019-05-17,BTC / USD
bitstamp,2019-05-17T00:53:43.880649Z,btcusd,7882.95,0.00126999,2019-05-17,BTC / USD
bitstamp,2019-05-17T00:53:44.276854Z,btcusd,7882.95,0.00126999,2019-05-17,BTC / USD
bitstamp,2019-05-17T00:53:44.670090Z,btcusd,7882.95,0.00126999,2019-05-17,BTC / USD
bitstamp,2019-05-17T00:53:45.254295Z,btcusd,7882.95,0.00126999,2019-05-17,BTC / USD
bitstamp,2019-05-17T00:53:45.910279Z,btcusd,7888.84,0.00126999,2019-05-17,BTC / USD
bitstamp,2019-05-17T00:53:46.196646Z,btcusd,7888.84,0.14303301,2019-05-17,BTC / USD
bitstamp,2019-05-17T00:53:46.506418Z,btcusd,7888.33,0.00126999,2019-05-17,BTC / USD
bitstamp,2019-05-17T00:53:46.957244Z,btcusd,7888.33,0.62718921,2019-05-17,BTC / USD
bitstamp,2019-05-17T00:53:53.901544Z,btcusd,7888.21,0.05498429,2019-05-17,BTC / USD
bitstamp,2019-05-17T00:53:53.985620Z,btcusd,7891.99,0.16348338,2019-05-17,BTC / USD
bitstamp,2019-05-17T00:53:54.075253Z,btcusd,7892.53,0.78153233,2019-05-17,BTC / USD
bitstamp,2019-05-17T00:54:19.481566Z,btcusd,7882.95,1,2019-05-17,BTC / USD
bitstamp,2019-05-17T00:54:19.559304Z,btcusd,7887.96,0.12478755,2019-05-17,BTC / USD
bitstamp,2019-05-17T00:54:19.643443Z,btcusd,7889.05,0.00813295,2019-05-17,BTC / USD
bitstamp,2019-05-17T00:54:51.808741Z,btcusd,7883.37,0.1,2019-05-17,BTC / USD
bitstamp,2019-05-17T00:55:05.897708Z,btcusd,7879.22,0.02046186,2019-05-17,BTC / USD
bitstamp,2019-05-17T00:55:07.733106Z,btcusd,7879.37,0.01501974,2019-05-17,BTC / USD
bitstamp,2019-05-17T00:55:12.472546Z,btcusd,7872.8,2.57074,2019-05-17,BTC / USD
bitstamp,2019-05-17T00:55:12.582345Z,btcusd,7871.52,0.00696201,2019-05-17,BTC / USD
bitstamp,2019-05-17T00:55:15.181669Z,btcusd,7872.8,0.01865285,2019-05-17,BTC / USD
bitstamp,2019-05-17T00:55:17.379585Z,btcusd,7872.8,0.07081167,2019-05-17,BTC / USD
bitstamp,2019-05-17T00:55:18.509534Z,btcusd,7872.8,0.18055075,2019-05-17,BTC / USD
bitstamp,2019-05-17T00:55:30.530386Z,btcusd,7872.77,0.0036,2019-05-17,BTC / USD
bitstamp,2019-05-17T00:55:31.918037Z,btcusd,7872.77,0.1359603,2019-05-17,BTC / USD
bitstamp,2019-05-17T00:55:33.555853Z,btcusd,7872.8,0.54500001,2019-05-17,BTC / USD
bitstamp,2019-05-17T00:55:36.377689Z,btcusd,7875.54,0.03072131,2019-05-17,BTC / USD
bitstamp,2019-05-17T00:55:54.839977Z,btcusd,7875.49,0.0174069,2019-05-17,BTC / USD
bitstamp,2019-05-17T00:55:58.421588Z,btcusd,7875.48,0.81501528,2019-05-17,BTC / USD
bitstamp,2019-05-17T00:55:59.599618Z,btcusd,7874.48,0.04922256,2019-05-17,BTC / USD
bitstamp,2019-05-17T00:55:59.792737Z,btcusd,7874.48,1,2019-05-17,BTC / USD
bitstamp,2019-05-17T00:56:04.724420Z,btcusd,7874.48,0.0479994,2019-05-17,BTC / USD
bitstamp,2019-05-17T00:56:11.923472Z,btcusd,7874.48,0.02,2019-05-17,BTC / USD
bitstamp,2019-05-17T00:56:12.451370Z,btcusd,7874.48,17.0725,2019-05-17,BTC / USD
bitstamp,2019-05-17T00:56:13.202430Z,btcusd,7874.48,1,2019-05-17,BTC / USD
bitstamp,2019-05-17T00:56:13.360995Z,btcusd,7874.48,1.1863,2019-05-17,BTC / USD
bitstamp,2019-05-17T00:56:14.071756Z,btcusd,7874.48,3.3831117,2019-05-17,BTC / USD
bitstamp,2019-05-17T00:56:14.630536Z,btcusd,7874.48,1,2019-05-17,BTC / USD
bitstamp,2019-05-17T00:56:19.580050Z,btcusd,7874.48,0.79178153,2019-05-17,BTC / USD
bitstamp,2019-05-17T00:56:34.131414Z,btcusd,7874.48,0.12408614,2019-05-17,BTC / USD
bitstamp,2019-05-17T00:56:34.802430Z,btcusd,7874.48,0.00358082,2019-05-17,BTC / USD
bitstamp,2019-05-17T00:56:35.982105Z,btcusd,7874.48,2.1722743,2019-05-17,BTC / USD
bitstamp,2019-05-17T00:56:44.250464Z,btcusd,7875.51,1.11,2019-05-17,BTC / USD
bitstamp,2019-05-17T00:56:45.472410Z,btcusd,7875.51,0.0763258,2019-05-17,BTC / USD
bitstamp,2019-05-17T00:56:45.554144Z,btcusd,7880,0.26442725,2019-05-17,BTC / USD
bitstamp,2019-05-17T00:56:54.322693Z,btcusd,7883.15,0.00446788,2019-05-17,BTC / USD
bitstamp,2019-05-17T00:57:55.371246Z,btcusd,7890.18,0.02,2019-05-17,BTC / USD
bitstamp,2019-05-17T00:58:10.716808Z,btcusd,7891.01,0.01428169,2019-05-17,BTC / USD
bitstamp,2019-05-17T00:58:14.114236Z,btcusd,7885.18,0.02102269,2019-05-17,BTC / USD
bitstamp,2019-05-17T00:58:19.733433Z,btcusd,7885.81,0.02003366,2019-05-17,BTC / USD
bitstamp,2019-05-17T00:58:27.365899Z,btcusd,7880.9,0.09437068,2019-05-17,BTC / USD
bitstamp,2019-05-17T00:58:37.430310Z,btcusd,7880.17,0.014058,2019-05-17,BTC / USD
bitstamp,2019-05-17T00:58:46.500290Z,btcusd,7876.52,0.01432807,2019-05-17,BTC / USD
bitstamp,2019-05-17T00:58:46.669194Z,btcusd,7876.52,0.01432811,2019-05-17,BTC / USD
bitstamp,2019-05-17T00:58:46.747019Z,btcusd,7876.52,0.0143281,2019-05-17,BTC / USD
bitstamp,2019-05-17T00:58:46.901613Z,btcusd,7876.52,0.01432815,2019-05-17,BTC / USD
bitstamp,2019-05-17T00:59:01.468602Z,btcusd,7872.41,1.849,2019-05-17,BTC / USD
bitstamp,2019-05-17T00:59:16.055693Z,btcusd,7876.48,0.01740474,2019-05-17,BTC / USD
bitstamp,2019-05-17T01:00:19.521706Z,btcusd,7891.54,0.14594237,2019-05-17,BTC / USD
bitstamp,2019-05-17T01:00:28.636400Z,btcusd,7891.54,0.06708296,2019-05-17,BTC / USD
bitstamp,2019-05-17T01:00:28.712605Z,btcusd,7891.54,0.01255807,2019-05-17,BTC / USD
bitstamp,2019-05-17T01:00:29.004798Z,btcusd,7891.54,0.06070913,2019-05-17,BTC / USD
bitstamp,2019-05-17T01:00:29.080119Z,btcusd,7891.54,0.05102944,2019-05-17,BTC / USD
bitstamp,2019-05-17T01:00:32.827665Z,btcusd,7891.54,0.022457,2019-05-17,BTC / USD
bitstamp,2019-05-17T01:00:33.298954Z,btcusd,7891.54,0.33280272,2019-05-17,BTC / USD
bitstamp,2019-05-17T01:00:34.782124Z,btcusd,7891.54,0.00273641,2019-05-17,BTC / USD
bitstamp,2019-05-17T01:00:36.669654Z,btcusd,7886.65,0.10612575,2019-05-17,BTC / USD
bitstamp,2019-05-17T01:00:38.417126Z,btcusd,7880.31,0.05488198,2019-05-17,BTC / USD
bitstamp,2019-05-17T01:00:38.549915Z,btcusd,7877.59,0.19511802,2019-05-17,BTC / USD
bitstamp,2019-05-17T01:01:05.628867Z,btcusd,7880.78,0.64829937,2019-05-17,BTC / USD
bitstamp,2019-05-17T01:01:49.470779Z,btcusd,7875.12,0.05744548,2019-05-17,BTC / USD
bitstamp,2019-05-17T01:01:49.550620Z,btcusd,7875.12,0.02449485,2019-05-17,BTC / USD
bitstamp,2019-05-17T01:01:59.619866Z,btcusd,7875.12,0.01,2019-05-17,BTC / USD
bitstamp,2019-05-17T01:02:02.442663Z,btcusd,7880.78,0.01,2019-05-17,BTC / USD
bitstamp,2019-05-17T01:02:03.727226Z,btcusd,7880.78,0.011,2019-05-17,BTC / USD
bitstamp,2019-05-17T01:02:12.421474Z,btcusd,7891.54,0.35,2019-05-17,BTC / USD
bitstamp,2019-05-17T01:02:19.737253Z,btcusd,7896.29,0.42603196,2019-05-17,BTC / USD
bitstamp,2019-05-17T01:02:48.870784Z,btcusd,7896.09,0.09795249,2019-05-17,BTC / USD
bitstamp,2019-05-17T01:02:48.961580Z,btcusd,7896.06,2.5,2019-05-17,BTC / USD
bitstamp,2019-05-17T01:02:49.047282Z,btcusd,7896.06,1.05354751,2019-05-17,BTC / USD
bitstamp,2019-05-17T01:02:55.058956Z,btcusd,7896.06,0.00013799,2019-05-17,BTC / USD
bitstamp,2019-05-17T01:03:00.581232Z,btcusd,7888.7,0.00495695,2019-05-17,BTC / USD
bitstamp,2019-05-17T01:03:26.310104Z,btcusd,7879.12,1,2019-05-17,BTC / USD
bitstamp,2019-05-17T01:03:43.856301Z,btcusd,7882.19,0.09632759,2019-05-17,BTC / USD
bitstamp,2019-05-17T01:04:19.769701Z,btcusd,7878.47,0.56073456,2019-05-17,BTC / USD
bitstamp,2019-05-17T01:04:34.859486Z,btcusd,7878.45,0.02482909,2019-05-17,BTC / USD
bitstamp,2019-05-17T01:04:38.188738Z,btcusd,7880.08,0.00300631,2019-05-17,BTC / USD
bitstamp,2019-05-17T01:04:49.531456Z,btcusd,7877.15,0.02,2019-05-17,BTC / USD
bitstamp,2019-05-17T01:04:51.134390Z,btcusd,7877.15,0.00094,2019-05-17,BTC / USD
bitstamp,2019-05-17T01:04:51.209295Z,btcusd,7877.15,0.02059794,2019-05-17,BTC / USD
bitstamp,2019-05-17T01:04:54.051566Z,btcusd,7877.15,0.02540213,2019-05-17,BTC / USD
bitstamp,2019-05-17T01:05:13.594223Z,btcusd,7871.84,0.01827783,2019-05-17,BTC / USD
bitstamp,2019-05-17T01:05:13.713376Z,btcusd,7871.84,0.01827926,2019-05-17,BTC / USD
bitstamp,2019-05-17T01:05:13.957033Z,btcusd,7871.84,0.01827838,2019-05-17,BTC / USD
bitstamp,2019-05-17T01:05:19.178457Z,btcusd,7869.78,0.00100035,2019-05-17,BTC / USD
bitstamp,2019-05-17T01:05:19.279291Z,btcusd,7869.78,1.532079,2019-05-17,BTC / USD
bitstamp,2019-05-17T01:05:24.581296Z,btcusd,7866.14,0.0149012,2019-05-17,BTC / USD
bitstamp,2019-05-17T01:05:24.745163Z,btcusd,7866.12,0.00817248,2019-05-17,BTC / USD
bitstamp,2019-05-17T01:05:25.009901Z,btcusd,7866.11,1.970887,2019-05-17,BTC / USD
bitstamp,2019-05-17T01:05:25.154150Z,btcusd,7865.29,0.012332,2019-05-17,BTC / USD
bitstamp,2019-05-17T01:05:29.367270Z,btcusd,7862.36,0.00575782,2019-05-17,BTC / USD
bitstamp,2019-05-17T01:05:29.507967Z,btcusd,7860,0.57315501,2019-05-17,BTC / USD
bitstamp,2019-05-17T01:05:29.652772Z,btcusd,7860,0.00072742,2019-05-17,BTC / USD
bitstamp,2019-05-17T01:05:29.799867Z,btcusd,7860,2.838301,2019-05-17,BTC / USD
bitstamp,2019-05-17T01:05:29.899660Z,btcusd,7859.78,0.00696201,2019-05-17,BTC / USD
bitstamp,2019-05-17T01:05:31.455379Z,btcusd,7855.97,0.00100034,2019-05-17,BTC / USD
bitstamp,2019-05-17T01:05:31.545472Z,btcusd,7855.97,0.39899966,2019-05-17,BTC / USD
bitstamp,2019-05-17T01:05:37.874237Z,btcusd,7863.17,1.60610542,2019-05-17,BTC / USD
bitstamp,2019-05-17T01:05:38.049659Z,btcusd,7863.08,0.24508406,2019-05-17,BTC / USD
bitstamp,2019-05-17T01:05:39.791620Z,btcusd,7866,0.1,2019-05-17,BTC / USD
bitstamp,2019-05-17T01:05:45.257272Z,btcusd,7872.79,0.01082094,2019-05-17,BTC / USD
bitstamp,2019-05-17T01:05:55.364487Z,btcusd,7871.06,0.1793717,2019-05-17,BTC / USD
bitstamp,2019-05-17T01:05:55.489359Z,btcusd,7871.06,0.36212588,2019-05-17,BTC / USD
bitstamp,2019-05-17T01:06:20.523496Z,btcusd,7873.4,0.01119306,2019-05-17,BTC / USD
bitstamp,2019-05-17T01:06:20.657084Z,btcusd,7873.4,0.45830408,2019-05-17,BTC / USD
bitstamp,2019-05-17T01:06:37.176139Z,btcusd,7868.94,0.014031,2019-05-17,BTC / USD
bitstamp,2019-05-17T01:06:37.267678Z,btcusd,7863.26,0.10597851,2019-05-17,BTC / USD
bitstamp,2019-05-17T01:06:49.489700Z,btcusd,7864.05,2.548043,2019-05-17,BTC / USD
bitstamp,2019-05-17T01:07:02.820327Z,btcusd,7862.99,2.064776,2019-05-17,BTC / USD
bitstamp,2019-05-17T01:07:03.361610Z,btcusd,7862.99,0.02669376,2019-05-17,BTC / USD
bitstamp,2019-05-17T01:07:08.284552Z,btcusd,7864.33,2.27461424,2019-05-17,BTC / USD
bitstamp,2019-05-17T01:07:23.255471Z,btcusd,7871.44,0.00995159,2019-05-17,BTC / USD
bitstamp,2019-05-17T01:07:30.266997Z,btcusd,7866.89,0.002757,2019-05-17,BTC / USD
bitstamp,2019-05-17T01:07:48.344286Z,btcusd,7872.6,0.49841065,2019-05-17,BTC / USD
bitstamp,2019-05-17T01:07:50.443146Z,btcusd,7870.94,0.01963439,2019-05-17,BTC / USD
bitstamp,2019-05-17T01:07:52.590534Z,btcusd,7873.77,0.014061,2019-05-17,BTC / USD
bitstamp,2019-05-17T01:07:52.670036Z,btcusd,7872.4,0.06896636,2019-05-17,BTC / USD
bitstamp,2019-05-17T01:07:55.616955Z,btcusd,7873.24,0.02347191,2019-05-17,BTC / USD
bitstamp,2019-05-17T01:08:10.600305Z,btcusd,7877.04,0.00621791,2019-05-17,BTC / USD
bitstamp,2019-05-17T01:08:11.056942Z,btcusd,7877.04,0.03071084,2019-05-17,BTC / USD
bitstamp,2019-05-17T01:08:20.135141Z,btcusd,7877.04,0.21268858,2019-05-17,BTC / USD
bitstamp,2019-05-17T01:08:30.700740Z,btcusd,7877.04,0.0187964,2019-05-17,BTC / USD
bitstamp,2019-05-17T01:08:34.372800Z,btcusd,7877.04,0.0375217,2019-05-17,BTC / USD
bitstamp,2019-05-17T01:08:35.409047Z,btcusd,7877.04,0.00338864,2019-05-17,BTC / USD
bitstamp,2019-05-17T01:08:36.310007Z,btcusd,7877.04,0.05886252,2019-05-17,BTC / USD
bitstamp,2019-05-17T01:08:36.433317Z,btcusd,7877.04,0.03821974,2019-05-17,BTC / USD
bitstamp,2019-05-17T01:08:37.559811Z,btcusd,7877.04,0.06106387,2019-05-17,BTC / USD
bitstamp,2019-05-17T01:08:42.615943Z,btcusd,7874.12,0.01908866,2019-05-17,BTC / USD
bitstamp,2019-05-17T01:08:46.191044Z,btcusd,7869.7,0.1,2019-05-17,BTC / USD
bitstamp,2019-05-17T01:08:48.855948Z,btcusd,7869.7,1.373346,2019-05-17,BTC / USD
bitstamp,2019-05-17T01:08:50.074032Z,btcusd,7869.7,0.00918,2019-05-17,BTC / USD
bitstamp,2019-05-17T01:08:50.201581Z,btcusd,7865.94,0.78517034,2019-05-17,BTC / USD
bitstamp,2019-05-17T01:08:50.339714Z,btcusd,7865.4,2.5,2019-05-17,BTC / USD
bitstamp,2019-05-17T01:08:50.500811Z,btcusd,7864.88,2.022896,2019-05-17,BTC / USD
bitstamp,2019-05-17T01:08:50.585709Z,btcusd,7864.88,0.10737673,2019-05-17,BTC / USD
bitstamp,2019-05-17T01:08:50.743697Z,btcusd,7860.59,1,2019-05-17,BTC / USD
bitstamp,2019-05-17T01:08:50.908354Z,btcusd,7858.23,2.5,2019-05-17,BTC / USD
bitstamp,2019-05-17T01:08:50.996320Z,btcusd,7858.23,0.1,2019-05-17,BTC / USD
bitstamp,2019-05-17T01:08:51.191195Z,btcusd,7858.13,2.5,2019-05-17,BTC / USD
bitstamp,2019-05-17T01:08:51.280163Z,btcusd,7858.13,0.73517158,2019-05-17,BTC / USD
bitstamp,2019-05-17T01:08:51.455300Z,btcusd,7856.35,0.5,2019-05-17,BTC / USD
bitstamp,2019-05-17T01:08:51.624177Z,btcusd,7856.34,0.19979521,2019-05-17,BTC / USD
bitstamp,2019-05-17T01:08:59.178991Z,btcusd,7870.16,0.03601258,2019-05-17,BTC / USD
bitstamp,2019-05-17T01:09:01.509085Z,btcusd,7864.24,0.06602583,2019-05-17,BTC / USD
bitstamp,2019-05-17T01:09:03.795382Z,btcusd,7859.63,0.07986757,2019-05-17,BTC / USD
bitstamp,2019-05-17T01:09:03.938232Z,btcusd,7859.39,0.04025391,2019-05-17,BTC / USD
bitstamp,2019-05-17T01:09:05.882950Z,btcusd,7855.09,0.08437466,2019-05-17,BTC / USD
bitstamp,2019-05-17T01:09:05.957741Z,btcusd,7855.09,0.01562534,2019-05-17,BTC / USD
bitstamp,2019-05-17T01:09:06.319949Z,btcusd,7855.09,0.81,2019-05-17,BTC / USD
bitstamp,2019-05-17T01:09:06.914646Z,btcusd,7855.09,1.39505892,2019-05-17,BTC / USD
bitstamp,2019-05-17T01:09:07.359618Z,btcusd,7855.09,1.20395274,2019-05-17,BTC / USD
bitstamp,2019-05-17T01:09:07.531739Z,btcusd,7855.07,0.0100026,2019-05-17,BTC / USD
bitstamp,2019-05-17T01:09:08.148833Z,btcusd,7850.72,1.93630355,2019-05-17,BTC / USD
bitstamp,2019-05-17T01:09:16.637070Z,btcusd,7858.1,0.01007911,2019-05-17,BTC / USD
bitstamp,2019-05-17T01:09:32.149017Z,btcusd,7850.72,1.02426647,2019-05-17,BTC / USD
bitstamp,2019-05-17T01:09:32.387490Z,btcusd,7850.72,1.25469682,2019-05-17,BTC / USD
bitstamp,2019-05-17T01:09:32.827096Z,btcusd,7850.72,1.22679949,2019-05-17,BTC / USD
bitstamp,2019-05-17T01:09:33.093487Z,btcusd,7850.72,7.10793367,2019-05-17,BTC / USD
bitstamp,2019-05-17T01:09:33.180200Z,btcusd,7850.72,2.47313,2019-05-17,BTC / USD
bitstamp,2019-05-17T01:09:34.388444Z,btcusd,7848.07,0.00696201,2019-05-17,BTC / USD
bitstamp,2019-05-17T01:09:35.587323Z,btcusd,7844.4,0.0099,2019-05-17,BTC / USD
bitstamp,2019-05-17T01:09:36.001713Z,btcusd,7844.4,1.01077405,2019-05-17,BTC / USD
bitstamp,2019-05-17T01:09:36.549016Z,btcusd,7844.4,0.80721195,2019-05-17,BTC / USD
bitstamp,2019-05-17T01:09:38.451487Z,btcusd,7842.15,0.00100033,2019-05-17,BTC / USD
bitstamp,2019-05-17T01:09:38.537597Z,btcusd,7842.15,1.62544802,2019-05-17,BTC / USD
bitstamp,2019-05-17T01:09:39.329955Z,btcusd,7842.15,0.26914198,2019-05-17,BTC / USD
bitstamp,2019-05-17T01:09:39.421004Z,btcusd,7837.6,1,2019-05-17,BTC / USD
bitstamp,2019-05-17T01:09:39.525588Z,btcusd,7837.59,0.00696201,2019-05-17,BTC / USD
bitstamp,2019-05-17T01:09:44.357500Z,btcusd,7836.74,0.01640623,2019-05-17,BTC / USD
bitstamp,2019-05-17T01:09:44.443134Z,btcusd,7836.73,0.98724361,2019-05-17,BTC / USD
bitstamp,2019-05-17T01:09:44.773377Z,btcusd,7836.73,1.04089765,2019-05-17,BTC / USD
bitstamp,2019-05-17T01:09:45.085444Z,btcusd,7836.73,1.31232874,2019-05-17,BTC / USD
bitstamp,2019-05-17T01:09:45.175282Z,btcusd,7833.93,0.01520118,2019-05-17,BTC / USD
bitstamp,2019-05-17T01:09:45.255730Z,btcusd,7832.89,0.01436026,2019-05-17,BTC / USD
bitstamp,2019-05-17T01:09:45.343473Z,btcusd,7831.15,1.02933091,2019-05-17,BTC / USD
bitstamp,2019-05-17T01:09:49.403826Z,btcusd,7836.76,1.21287749,2019-05-17,BTC / USD
bitstamp,2019-05-17T01:09:50.496534Z,btcusd,7836.76,2.57087551,2019-05-17,BTC / USD
bitstamp,2019-05-17T01:09:51.960808Z,btcusd,7836.65,1.11,2019-05-17,BTC / USD
bitstamp,2019-05-17T01:09:54.614349Z,btcusd,7840,0.02,2019-05-17,BTC / USD
bitstamp,2019-05-17T01:09:55.402312Z,btcusd,7840,0.95459787,2019-05-17,BTC / USD
bitstamp,2019-05-17T01:10:01.242153Z,btcusd,7847.8,1,2019-05-17,BTC / USD
bitstamp,2019-05-17T01:10:06.231029Z,btcusd,7846.01,0.02,2019-05-17,BTC / USD
bitstamp,2019-05-17T01:10:06.404041Z,btcusd,7846.01,0.516846,2019-05-17,BTC / USD
bitstamp,2019-05-17T01:10:06.499913Z,btcusd,7843.59,1,2019-05-17,BTC / USD
bitstamp,2019-05-17T01:10:06.593537Z,btcusd,7843.36,1.39,2019-05-17,BTC / USD
bitstamp,2019-05-17T01:10:07.126790Z,btcusd,7843.13,1.11,2019-05-17,BTC / USD
bitstamp,2019-05-17T01:10:10.623881Z,btcusd,7843.12,0.04829496,2019-05-17,BTC / USD
bitstamp,2019-05-17T01:10:11.525261Z,btcusd,7843.12,0.13495258,2019-05-17,BTC / USD
bitstamp,2019-05-17T01:10:14.942957Z,btcusd,7843.13,0.01248501,2019-05-17,BTC / USD
bitstamp,2019-05-17T01:10:18.788Z,btcusd,7843.12,0.02783883,2019-05-17,BTC / USD
bitstamp,2019-05-17T01:10:18.865139Z,btcusd,7843.12,0.02783601,2019-05-17,BTC / USD
bitstamp,2019-05-17T01:10:19.050004Z,btcusd,7843.12,0.02783886,2019-05-17,BTC / USD
bitstamp,2019-05-17T01:10:19.693161Z,btcusd,7843.12,0.12827376,2019-05-17,BTC / USD
bitstamp,2019-05-17T01:10:21.575013Z,btcusd,7840,0.00190816,2019-05-17,BTC / USD
bitstamp,2019-05-17T01:10:21.659719Z,btcusd,7840,0.309753,2019-05-17,BTC / USD
bitstamp,2019-05-17T01:10:26.855655Z,btcusd,7836.33,0.667841,2019-05-17,BTC / USD
bitstamp,2019-05-17T01:10:28.826283Z,btcusd,7835.53,0.00287197,2019-05-17,BTC / USD
bitstamp,2019-05-17T01:10:29.393980Z,btcusd,7835.51,1.208673,2019-05-17,BTC / USD
bitstamp,2019-05-17T01:10:36.866741Z,btcusd,7836.9,0.00227961,2019-05-17,BTC / USD
bitstamp,2019-05-17T01:10:39.377347Z,btcusd,7836.87,0.14149105,2019-05-17,BTC / USD
bitstamp,2019-05-17T01:10:39.495280Z,btcusd,7836.87,0.01791027,2019-05-17,BTC / USD
bitstamp,2019-05-17T01:10:59.208111Z,btcusd,7835.8,0.02365774,2019-05-17,BTC / USD
bitstamp,2019-05-17T01:10:59.390481Z,btcusd,7835.33,1,2019-05-17,BTC / USD
bitstamp,2019-05-17T01:10:59.543434Z,btcusd,7835.75,0.13103085,2019-05-17,BTC / USD
bitstamp,2019-05-17T01:10:59.841730Z,btcusd,7833.38,0.0236,2019-05-17,BTC / USD
bitstamp,2019-05-17T01:11:01.961241Z,btcusd,7833.72,0.489577,2019-05-17,BTC / USD
bitstamp,2019-05-17T01:11:03.555566Z,btcusd,7836.24,0.89010418,2019-05-17,BTC / USD
bitstamp,2019-05-17T01:11:10.288211Z,btcusd,7831.15,11.52066909,2019-05-17,BTC / USD
bitstamp,2019-05-17T01:11:10.379168Z,btcusd,7831.13,0.424443,2019-05-17,BTC / USD
bitstamp,2019-05-17T01:11:11.665351Z,btcusd,7828.33,0.00100032,2019-05-17,BTC / USD
bitstamp,2019-05-17T01:11:11.745310Z,btcusd,7826.54,0.004,2019-05-17,BTC / USD
bitstamp,2019-05-17T01:11:11.847330Z,btcusd,7825.73,0.00687498,2019-05-17,BTC / USD
bitstamp,2019-05-17T01:11:11.931485Z,btcusd,7825,0.01423131,2019-05-17,BTC / USD
bitstamp,2019-05-17T01:11:12.598324Z,btcusd,7824.6,0.028087,2019-05-17,BTC / USD
bitstamp,2019-05-17T01:11:12.939673Z,btcusd,7824.6,0.01095436,2019-05-17,BTC / USD
bitstamp,2019-05-17T01:11:13.310628Z,btcusd,7822.88,0.02,2019-05-17,BTC / USD
bitstamp,2019-05-17T01:11:13.404121Z,btcusd,7822.88,0.02,2019-05-17,BTC / USD
bitstamp,2019-05-17T01:11:15.750628Z,btcusd,7820,0.2,2019-05-17,BTC / USD
bitstamp,2019-05-17T01:11:15.838814Z,btcusd,7819.98,0.021443,2019-05-17,BTC / USD
bitstamp,2019-05-17T01:11:15.930168Z,btcusd,7818,1,2019-05-17,BTC / USD
bitstamp,2019-05-17T01:11:16.043224Z,btcusd,7815.29,0.00687498,2019-05-17,BTC / USD
bitstamp,2019-05-17T01:11:16.136988Z,btcusd,7814.52,0.00100031,2019-05-17,BTC / USD
bitstamp,2019-05-17T01:11:18.010588Z,btcusd,7819.98,0.013592,2019-05-17,BTC / USD
bitstamp,2019-05-17T01:11:19.161697Z,btcusd,7811.63,1,2019-05-17,BTC / USD
bitstamp,2019-05-17T01:11:19.421579Z,btcusd,7811.63,0.01188703,2019-05-17,BTC / USD
bitstamp,2019-05-17T01:11:19.511527Z,btcusd,7811.62,5.87800071,2019-05-17,BTC / USD
bitstamp,2019-05-17T01:11:19.594768Z,btcusd,7811.62,6.67199929,2019-05-17,BTC / USD
bitstamp,2019-05-17T01:11:20.386619Z,btcusd,7814.6,0.0019106,2019-05-17,BTC / USD
bitstamp,2019-05-17T01:11:22.405235Z,btcusd,7815.78,0.25183375,2019-05-17,BTC / USD
bitstamp,2019-05-17T01:11:22.542781Z,btcusd,7814.03,1,2019-05-17,BTC / USD
bitstamp,2019-05-17T01:11:22.695229Z,btcusd,7811.61,0.015774,2019-05-17,BTC / USD
bitstamp,2019-05-17T01:11:23.354842Z,btcusd,7815.43,0.00505447,2019-05-17,BTC / USD
bitstamp,2019-05-17T01:11:25.017209Z,btcusd,7807.62,1.11,2019-05-17,BTC / USD
bitstamp,2019-05-17T01:11:25.646671Z,btcusd,7807.62,0.07906152,2019-05-17,BTC / USD
bitstamp,2019-05-17T01:11:26.061709Z,btcusd,7814.59,0.00359899,2019-05-17,BTC / USD
bitstamp,2019-05-17T01:11:28.255335Z,btcusd,7810.7,1.31093848,2019-05-17,BTC / USD
bitstamp,2019-05-17T01:11:29.231823Z,btcusd,7817.1,0.00191304,2019-05-17,BTC / USD
bitstamp,2019-05-17T01:11:30.748303Z,btcusd,7810.74,2.5,2019-05-17,BTC / USD
bitstamp,2019-05-17T01:11:30.828051Z,btcusd,7807.6,0.001316,2019-05-17,BTC / USD
bitstamp,2019-05-17T01:11:30.922735Z,btcusd,7804.84,0.00687498,2019-05-17,BTC / USD
bitstamp,2019-05-17T01:11:31.012809Z,btcusd,7802.25,0.01500016,2019-05-17,BTC / USD
bitstamp,2019-05-17T01:11:31.089611Z,btcusd,7800,0.26794502,2019-05-17,BTC / USD
bitstamp,2019-05-17T01:11:31.165160Z,btcusd,7800,0.06603974,2019-05-17,BTC / USD
bitstamp,2019-05-17T01:11:31.251318Z,btcusd,7800,0.00578121,2019-05-17,BTC / USD
bitstamp,2019-05-17T01:11:31.325570Z,btcusd,7800,0.01,2019-05-17,BTC / USD
bitstamp,2019-05-17T01:11:31.405521Z,btcusd,7798.33,0.1252038,2019-05-17,BTC / USD
bitstamp,2019-05-17T01:11:31.764603Z,btcusd,7810.74,1,2019-05-17,BTC / USD
bitstamp,2019-05-17T01:11:32.696006Z,btcusd,7800,0.01485955,2019-05-17,BTC / USD
bitstamp,2019-05-17T01:11:32.781628Z,btcusd,7800,0.15145806,2019-05-17,BTC / USD
bitstamp,2019-05-17T01:11:32.969906Z,btcusd,7800,0.0555778,2019-05-17,BTC / USD
bitstamp,2019-05-17T01:11:33.317550Z,btcusd,7800,1.11,2019-05-17,BTC / USD
bitstamp,2019-05-17T01:11:33.496243Z,btcusd,7800,1.26296414,2019-05-17,BTC / USD
bitstamp,2019-05-17T01:11:34.127812Z,btcusd,7815.31,1,2019-05-17,BTC / USD
bitstamp,2019-05-17T01:11:37.070953Z,btcusd,7812.94,0.02,2019-05-17,BTC / USD
bitstamp,2019-05-17T01:11:37.480781Z,btcusd,7812.94,3.59648025,2019-05-17,BTC / USD
bitstamp,2019-05-17T01:11:37.977963Z,btcusd,7813.06,0.01991975,2019-05-17,BTC / USD
bitstamp,2019-05-17T01:11:38.061503Z,btcusd,7812.84,1,2019-05-17,BTC / USD
bitstamp,2019-05-17T01:11:38.151144Z,btcusd,7812.84,1.5,2019-05-17,BTC / USD
bitstamp,2019-05-17T01:11:38.274039Z,btcusd,7811.61,1.11,2019-05-17,BTC / USD
bitstamp,2019-05-17T01:11:39.028938Z,btcusd,7811.61,0.53774104,2019-05-17,BTC / USD
bitstamp,2019-05-17T01:11:39.355274Z,btcusd,7811.61,0.02,2019-05-17,BTC / USD
bitstamp,2019-05-17T01:11:39.578190Z,btcusd,7811.61,0.02,2019-05-17,BTC / USD
bitstamp,2019-05-17T01:11:39.788114Z,btcusd,7811.61,0.506277,2019-05-17,BTC / USD
bitstamp,2019-05-17T01:11:42.347984Z,btcusd,7815,0.4,2019-05-17,BTC / USD
bitstamp,2019-05-17T01:11:42.447909Z,btcusd,7815,0.27591362,2019-05-17,BTC / USD
bitstamp,2019-05-17T01:11:44.687118Z,btcusd,7825.26,0.05557706,2019-05-17,BTC / USD
bitstamp,2019-05-17T01:11:44.780515Z,btcusd,7832.7,0.03712728,2019-05-17,BTC / USD
bitstamp,2019-05-17T01:11:45.411433Z,btcusd,7822.45,0.03379568,2019-05-17,BTC / USD
bitstamp,2019-05-17T01:11:48.044534Z,btcusd,7835.06,0.464,2019-05-17,BTC / USD
bitstamp,2019-05-17T01:11:48.706756Z,btcusd,7835.06,0.00127768,2019-05-17,BTC / USD
bitstamp,2019-05-17T01:11:48.861992Z,btcusd,7835.06,0.00168979,2019-05-17,BTC / USD
bitstamp,2019-05-17T01:11:49.163884Z,btcusd,7835.06,0.00127768,2019-05-17,BTC / USD
bitstamp,2019-05-17T01:11:49.297489Z,btcusd,7836.82,1,2019-05-17,BTC / USD
bitstamp,2019-05-17T01:11:49.438217Z,btcusd,7837.39,0.32194322,2019-05-17,BTC / USD
bitstamp,2019-05-17T01:12:05.299107Z,btcusd,7835.06,0.00127768,2019-05-17,BTC / USD
bitstamp,2019-05-17T01:12:06.605582Z,btcusd,7838.19,2.4662,2019-05-17,BTC / USD
bitstamp,2019-05-17T01:12:09.714940Z,btcusd,7836.95,0.02,2019-05-17,BTC / USD
bitstamp,2019-05-17T01:12:10.461933Z,btcusd,7836.95,2.48,2019-05-17,BTC / USD
bitstamp,2019-05-17T01:12:10.541730Z,btcusd,7836.95,1.1819,2019-05-17,BTC / USD
bitstamp,2019-05-17T01:12:13.080686Z,btcusd,7836.95,8.7e-05,2019-05-17,BTC / USD
bitstamp,2019-05-17T01:12:13.170519Z,btcusd,7836.7,0.07683286,2019-05-17,BTC / USD
bitstamp,2019-05-17T01:12:15.224934Z,btcusd,7836.7,1.106321,2019-05-17,BTC / USD
bitstamp,2019-05-17T01:12:15.308277Z,btcusd,7835.06,0.18823235,2019-05-17,BTC / USD
bitstamp,2019-05-17T01:12:20.828333Z,btcusd,7828.64,0.13132351,2019-05-17,BTC / USD
bitstamp,2019-05-17T01:12:20.903794Z,btcusd,7825.51,0.59443041,2019-05-17,BTC / USD
bitstamp,2019-05-17T01:12:49.796447Z,btcusd,7827.11,0.00366577,2019-05-17,BTC / USD
bitstamp,2019-05-17T01:13:33.656464Z,btcusd,7832.15,0.16185523,2019-05-17,BTC / USD
bitstamp,2019-05-17T01:13:36.060390Z,btcusd,7827.96,0.59996498,2019-05-17,BTC / USD
bitstamp,2019-05-17T01:13:44.347016Z,btcusd,7827.96,1.41551996,2019-05-17,BTC / USD
bitstamp,2019-05-17T01:13:44.792318Z,btcusd,7827.96,0.17309406,2019-05-17,BTC / USD
bitstamp,2019-05-17T01:13:55.883286Z,btcusd,7825.06,0.00484341,2019-05-17,BTC / USD
bitstamp,2019-05-17T01:14:08.502209Z,btcusd,7822.71,0.02706392,2019-05-17,BTC / USD
bitstamp,2019-05-17T01:14:08.595987Z,btcusd,7822.14,1.272655,2019-05-17,BTC / USD
bitstamp,2019-05-17T01:14:21.136008Z,btcusd,7832.82,0.64776951,2019-05-17,BTC / USD
bitstamp,2019-05-17T01:15:06.038773Z,btcusd,7841.65,0.014,2019-05-17,BTC / USD
bitstamp,2019-05-17T01:15:07.456575Z,btcusd,7841.65,0.00089929,2019-05-17,BTC / USD
bitstamp,2019-05-17T01:15:07.546625Z,btcusd,7843.12,0.39910071,2019-05-17,BTC / USD
bitstamp,2019-05-17T01:15:07.632764Z,btcusd,7843.12,0.006,2019-05-17,BTC / USD
bitstamp,2019-05-17T01:15:08.164622Z,btcusd,7843.12,0.007062,2019-05-17,BTC / USD
bitstamp,2019-05-17T01:15:08.535512Z,btcusd,7843.12,0.44408934,2019-05-17,BTC / USD
bitstamp,2019-05-17T01:15:08.773766Z,btcusd,7843.13,10.3036,2019-05-17,BTC / USD
bitstamp,2019-05-17T01:15:09.743656Z,btcusd,7843.13,4.86e-06,2019-05-17,BTC / USD
bitstamp,2019-05-17T01:15:20.375127Z,btcusd,7859.46,0.00679963,2019-05-17,BTC / USD
bitstamp,2019-05-17T01:15:29.921475Z,btcusd,7853.71,0.00632293,2019-05-17,BTC / USD
bitstamp,2019-05-17T01:15:30.157230Z,btcusd,7848.38,0.757,2019-05-17,BTC / USD
bitstamp,2019-05-17T01:15:32.153115Z,btcusd,7855.43,0.12042983,2019-05-17,BTC / USD
bitstamp,2019-05-17T01:15:33.977953Z,btcusd,7855.43,0.02,2019-05-17,BTC / USD
bitstamp,2019-05-17T01:15:34.144882Z,btcusd,7852.29,0.0998634,2019-05-17,BTC / USD
bitstamp,2019-05-17T01:15:34.595278Z,btcusd,7852.28,0.00499393,2019-05-17,BTC / USD
bitstamp,2019-05-17T01:15:42.031035Z,btcusd,7846.65,1.17003954,2019-05-17,BTC / USD
bitstamp,2019-05-17T01:15:43.148987Z,btcusd,7841.51,0.02561152,2019-05-17,BTC / USD
bitstamp,2019-05-17T01:15:48.937925Z,btcusd,7850.92,0.00987541,2019-05-17,BTC / USD
bitstamp,2019-05-17T01:15:49.018086Z,btcusd,7850.92,0.00987552,2019-05-17,BTC / USD
bitstamp,2019-05-17T01:15:49.145278Z,btcusd,7850.92,0.0098764,2019-05-17,BTC / USD
bitstamp,2019-05-17T01:16:08.356693Z,btcusd,7856.2,0.0032,2019-05-17,BTC / USD
bitstamp,2019-05-17T01:16:12.154385Z,btcusd,7856.2,0.15636324,2019-05-17,BTC / USD
bitstamp,2019-05-17T01:16:20.388009Z,btcusd,7850.94,1,2019-05-17,BTC / USD
bitstamp,2019-05-17T01:16:20.479189Z,btcusd,7850.93,0.01627452,2019-05-17,BTC / USD
bitstamp,2019-05-17T01:16:20.795388Z,btcusd,7850.93,0.01627452,2019-05-17,BTC / USD
bitstamp,2019-05-17T01:16:20.888527Z,btcusd,7850.93,0.01627452,2019-05-17,BTC / USD
bitstamp,2019-05-17T01:16:21.008008Z,btcusd,7850.93,0.02,2019-05-17,BTC / USD
bitstamp,2019-05-17T01:16:21.785645Z,btcusd,7850.93,1,2019-05-17,BTC / USD
bitstamp,2019-05-17T01:16:32.539794Z,btcusd,7850.92,0.0033333,2019-05-17,BTC / USD
bitstamp,2019-05-17T01:16:38.442266Z,btcusd,7850.93,0.02611707,2019-05-17,BTC / USD
bitstamp,2019-05-17T01:16:52.263177Z,btcusd,7850.93,0.00076537,2019-05-17,BTC / USD
bitstamp,2019-05-17T01:17:00.254565Z,btcusd,7850.93,0.54500001,2019-05-17,BTC / USD
bitstamp,2019-05-17T01:17:00.396638Z,btcusd,7850.93,0.14766307,2019-05-17,BTC / USD
bitstamp,2019-05-17T01:17:00.474326Z,btcusd,7850.93,0.12863076,2019-05-17,BTC / USD
bitstamp,2019-05-17T01:17:00.683679Z,btcusd,7850.93,0.04659047,2019-05-17,BTC / USD
bitstamp,2019-05-17T01:17:43.669455Z,btcusd,7858.2,0.04629558,2019-05-17,BTC / USD
bitstamp,2019-05-17T01:17:49.325386Z,btcusd,7856.29,0.00809945,2019-05-17,BTC / USD
bitstamp,2019-05-17T01:17:51.089504Z,btcusd,7847.82,0.064602,2019-05-17,BTC / USD
bitstamp,2019-05-17T01:17:51.168223Z,btcusd,7847.82,0.02237526,2019-05-17,BTC / USD
bitstamp,2019-05-17T01:17:53.118987Z,btcusd,7842.9,1,2019-05-17,BTC / USD
bitstamp,2019-05-17T01:17:53.265124Z,btcusd,7842.89,0.5,2019-05-17,BTC / USD
bitstamp,2019-05-17T01:17:53.339238Z,btcusd,7842.89,0.03722542,2019-05-17,BTC / USD
bitstamp,2019-05-17T01:17:53.491348Z,btcusd,7842.01,0.06225225,2019-05-17,BTC / USD
bitstamp,2019-05-17T01:17:53.625960Z,btcusd,7841.97,2.5,2019-05-17,BTC / USD
bitstamp,2019-05-17T01:17:53.784650Z,btcusd,7839.08,0.2747962,2019-05-17,BTC / USD
bitstamp,2019-05-17T01:17:53.981126Z,btcusd,7839.06,1.78822766,2019-05-17,BTC / USD
bitstamp,2019-05-17T01:18:08.011712Z,btcusd,7853.74,0.00916173,2019-05-17,BTC / USD
bitstamp,2019-05-17T01:18:08.086082Z,btcusd,7853.75,0.00205944,2019-05-17,BTC / USD
bitstamp,2019-05-17T01:18:08.778190Z,btcusd,7847.84,0.07193071,2019-05-17,BTC / USD
bitstamp,2019-05-17T01:18:17.277013Z,btcusd,7842.21,0.00630171,2019-05-17,BTC / USD
bitstamp,2019-05-17T01:18:20.486690Z,btcusd,7842.33,0.01396584,2019-05-17,BTC / USD
bitstamp,2019-05-17T01:18:44.955194Z,btcusd,7847.83,0.03018668,2019-05-17,BTC / USD
bitstamp,2019-05-17T01:18:46.675379Z,btcusd,7842.21,0.02366016,2019-05-17,BTC / USD
bitstamp,2019-05-17T01:18:57.603833Z,btcusd,7846.23,0.03556431,2019-05-17,BTC / USD
bitstamp,2019-05-17T01:19:07.884039Z,btcusd,7845.33,0.01123182,2019-05-17,BTC / USD
bitstamp,2019-05-17T01:19:22.766773Z,btcusd,7843.44,0.042289,2019-05-17,BTC / USD
bitstamp,2019-05-17T01:19:29.848586Z,btcusd,7842.21,0.06661774,2019-05-17,BTC / USD
bitstamp,2019-05-17T01:19:30.038017Z,btcusd,7841.65,0.062921,2019-05-17,BTC / USD
bitstamp,2019-05-17T01:19:42.526956Z,btcusd,7840.81,0.00352833,2019-05-17,BTC / USD
bitstamp,2019-05-17T01:20:03.855878Z,btcusd,7836.19,1.34885321,2019-05-17,BTC / USD
bitstamp,2019-05-17T01:20:04.014890Z,btcusd,7836.19,0.12872279,2019-05-17,BTC / USD
bitstamp,2019-05-17T01:20:07.643888Z,btcusd,7834.55,0.2,2019-05-17,BTC / USD
bitstamp,2019-05-17T01:20:07.730667Z,btcusd,7836.28,0.0029,2019-05-17,BTC / USD
bitstamp,2019-05-17T01:20:12.471229Z,btcusd,7827.49,2.158708,2019-05-17,BTC / USD
bitstamp,2019-05-17T01:20:12.669325Z,btcusd,7822.49,0.2059,2019-05-17,BTC / USD
bitstamp,2019-05-17T01:20:12.762312Z,btcusd,7821.57,0.05558905,2019-05-17,BTC / USD
bitstamp,2019-05-17T01:20:19.748102Z,btcusd,7832.72,0.0603831,2019-05-17,BTC / USD
bitstamp,2019-05-17T01:20:20.679075Z,btcusd,7832.08,1,2019-05-17,BTC / USD
bitstamp,2019-05-17T01:20:20.765999Z,btcusd,7832.08,0.07029747,2019-05-17,BTC / USD
bitstamp,2019-05-17T01:20:22.190147Z,btcusd,7830.64,0.0071728,2019-05-17,BTC / USD
bitstamp,2019-05-17T01:20:22.341375Z,btcusd,7830.64,0.061,2019-05-17,BTC / USD
bitstamp,2019-05-17T01:20:22.509209Z,btcusd,7830.64,0.00575947,2019-05-17,BTC / USD
bitstamp,2019-05-17T01:20:25.055866Z,btcusd,7833.93,0.0252,2019-05-17,BTC / USD
bitstamp,2019-05-17T01:20:25.463912Z,btcusd,7833.93,0.90086773,2019-05-17,BTC / USD
bitstamp,2019-05-17T01:20:25.549311Z,btcusd,7833.81,1.25383227,2019-05-17,BTC / USD
bitstamp,2019-05-17T01:20:25.905950Z,btcusd,7833.81,0.38183312,2019-05-17,BTC / USD
bitstamp,2019-05-17T01:20:26.003830Z,btcusd,7833.81,0.51905928,2019-05-17,BTC / USD
bitstamp,2019-05-17T01:20:26.201461Z,btcusd,7830.18,0.09913227,2019-05-17,BTC / USD
bitstamp,2019-05-17T01:20:26.283834Z,btcusd,7830.18,0.02527423,2019-05-17,BTC / USD
bitstamp,2019-05-17T01:20:27.992561Z,btcusd,7833.3,0.32106478,2019-05-17,BTC / USD
bitstamp,2019-05-17T01:20:28.272798Z,btcusd,7830.17,0.321,2019-05-17,BTC / USD
bitstamp,2019-05-17T01:20:30.129370Z,btcusd,7830.17,0.9573,2019-05-17,BTC / USD
bitstamp,2019-05-17T01:20:35.183647Z,btcusd,7830.17,9.9e-05,2019-05-17,BTC / USD
bitstamp,2019-05-17T01:20:59.283625Z,btcusd,7824.25,0.13569037,2019-05-17,BTC / USD
bitstamp,2019-05-17T01:20:59.901576Z,btcusd,7824.25,0.01957649,2019-05-17,BTC / USD
bitstamp,2019-05-17T01:21:05.123579Z,btcusd,7829.93,0.01067722,2019-05-17,BTC / USD
bitstamp,2019-05-17T01:21:05.215129Z,btcusd,7829.93,0.01210227,2019-05-17,BTC / USD
bitstamp,2019-05-17T01:21:07.343490Z,btcusd,7829.57,0.05554596,2019-05-17,BTC / USD
bitstamp,2019-05-17T01:21:07.485783Z,btcusd,7829.56,0.85162217,2019-05-17,BTC / USD
bitstamp,2019-05-17T01:21:08.305744Z,btcusd,7829.46,0.1,2019-05-17,BTC / USD
bitstamp,2019-05-17T01:21:12.156852Z,btcusd,7829.56,0.06895726,2019-05-17,BTC / USD
bitstamp,2019-05-17T01:21:42.106925Z,btcusd,7838.1,0.00113074,2019-05-17,BTC / USD
bitstamp,2019-05-17T01:21:43.655708Z,btcusd,7837.37,1.34169997,2019-05-17,BTC / USD
bitstamp,2019-05-17T01:21:43.748618Z,btcusd,7837.37,0.64960003,2019-05-17,BTC / USD
bitstamp,2019-05-17T01:21:43.900937Z,btcusd,7837.37,0.00344786,2019-05-17,BTC / USD
bitstamp,2019-05-17T01:21:45.367366Z,btcusd,7837.37,1.17565711,2019-05-17,BTC / USD
bitstamp,2019-05-17T01:22:00.850626Z,btcusd,7832.97,1.16809886,2019-05-17,BTC / USD
bitstamp,2019-05-17T01:22:02.010663Z,btcusd,7832.97,0.02,2019-05-17,BTC / USD
bitstamp,2019-05-17T01:22:02.123655Z,btcusd,7832.97,0.02,2019-05-17,BTC / USD
bitstamp,2019-05-17T01:22:02.532915Z,btcusd,7832.97,1.08544915,2019-05-17,BTC / USD
bitstamp,2019-05-17T01:22:11.976924Z,btcusd,7832.97,0.02,2019-05-17,BTC / USD
bitstamp,2019-05-17T01:22:12.070712Z,btcusd,7832.97,0.02,2019-05-17,BTC / USD
bitstamp,2019-05-17T01:22:12.923756Z,btcusd,7832.97,0.02,2019-05-17,BTC / USD
bitstamp,2019-05-17T01:22:13.055461Z,btcusd,7832.97,0.02,2019-05-17,BTC / USD
bitstamp,2019-05-17T01:22:16.960047Z,btcusd,7832.97,0.02,2019-05-17,BTC / USD
bitstamp,2019-05-17T01:22:17.092255Z,btcusd,7832.97,0.02,2019-05-17,BTC / USD
bitstamp,2019-05-17T01:22:17.290166Z,btcusd,7832.97,0.3417,2019-05-17,BTC / USD
bitstamp,2019-05-17T01:22:17.606095Z,btcusd,7832.97,0.02,2019-05-17,BTC / USD
bitstamp,2019-05-17T01:22:17.733361Z,btcusd,7832.97,0.49503699,2019-05-17,BTC / USD
bitstamp,2019-05-17T01:22:18.594648Z,btcusd,7823.1,0.62,2019-05-17,BTC / USD
bitstamp,2019-05-17T01:22:34.511366Z,btcusd,7823.1,1.61259192,2019-05-17,BTC / USD
bitstamp,2019-05-17T01:22:39.229340Z,btcusd,7823.1,1.23628619,2019-05-17,BTC / USD
bitstamp,2019-05-17T01:22:41.274973Z,btcusd,7823.1,1.09858989,2019-05-17,BTC / USD
bitstamp,2019-05-17T01:22:43.171876Z,btcusd,7816.66,1.19144632,2019-05-17,BTC / USD
bitstamp,2019-05-17T01:22:43.400194Z,btcusd,7816.66,2.09855068,2019-05-17,BTC / USD
bitstamp,2019-05-17T01:22:43.688745Z,btcusd,7814.45,0.06344454,2019-05-17,BTC / USD
bitstamp,2019-05-17T01:22:44.423073Z,btcusd,7813.97,0.4,2019-05-17,BTC / USD
bitstamp,2019-05-17T01:22:58.653567Z,btcusd,7818.74,0.02,2019-05-17,BTC / USD
bitstamp,2019-05-17T01:23:03.343779Z,btcusd,7825.37,0.6,2019-05-17,BTC / USD
bitstamp,2019-05-17T01:23:05.688120Z,btcusd,7825.37,0.2362,2019-05-17,BTC / USD
bitstamp,2019-05-17T01:23:06.643642Z,btcusd,7825.37,8.619e-05,2019-05-17,BTC / USD
bitstamp,2019-05-17T01:23:06.733058Z,btcusd,7823.09,2.5,2019-05-17,BTC / USD
bitstamp,2019-05-17T01:23:09.332021Z,btcusd,7826.83,0.01556618,2019-05-17,BTC / USD
bitstamp,2019-05-17T01:23:25.957297Z,btcusd,7821.6,0.407525,2019-05-17,BTC / USD
bitstamp,2019-05-17T01:23:26.651763Z,btcusd,7821.6,0.00972386,2019-05-17,BTC / USD
bitstamp,2019-05-17T01:23:30.591177Z,btcusd,7821.6,0.02,2019-05-17,BTC / USD
bitstamp,2019-05-17T01:23:32.297563Z,btcusd,7821.6,0.02819794,2019-05-17,BTC / USD
bitstamp,2019-05-17T01:23:32.388785Z,btcusd,7821.58,1.06745597,2019-05-17,BTC / USD
bitstamp,2019-05-17T01:23:34.307145Z,btcusd,7821.58,0.55667203,2019-05-17,BTC / USD
bitstamp,2019-05-17T01:23:37.136563Z,btcusd,7815.46,2.078794,2019-05-17,BTC / USD
bitstamp,2019-05-17T01:24:10.591383Z,btcusd,7813.21,2.94457261,2019-05-17,BTC / USD
bitstamp,2019-05-17T01:24:10.747784Z,btcusd,7813.21,0.02779239,2019-05-17,BTC / USD
bitstamp,2019-05-17T01:24:13.482501Z,btcusd,7808.27,1.441951,2019-05-17,BTC / USD
bitstamp,2019-05-17T01:24:16.345247Z,btcusd,7803.21,0.00191549,2019-05-17,BTC / USD
bitstamp,2019-05-17T01:24:17.115005Z,btcusd,7803.21,0.03349639,2019-05-17,BTC / USD
bitstamp,2019-05-17T01:24:17.197348Z,btcusd,7803.21,0.03350035,2019-05-17,BTC / USD
bitstamp,2019-05-17T01:24:17.325908Z,btcusd,7803.21,0.0334996,2019-05-17,BTC / USD
bitstamp,2019-05-17T01:24:20.372856Z,btcusd,7802.48,1,2019-05-17,BTC / USD
bitstamp,2019-05-17T01:24:20.468302Z,btcusd,7802.45,0.01490108,2019-05-17,BTC / USD
bitstamp,2019-05-17T01:24:20.560438Z,btcusd,7802.43,0.266009,2019-05-17,BTC / USD
bitstamp,2019-05-17T01:24:20.656963Z,btcusd,7801.85,0.02779239,2019-05-17,BTC / USD
bitstamp,2019-05-17T01:24:20.760598Z,btcusd,7800.01,0.01007324,2019-05-17,BTC / USD
bitstamp,2019-05-17T01:24:20.862782Z,btcusd,7800,0.12805641,2019-05-17,BTC / USD
bitstamp,2019-05-17T01:24:20.963603Z,btcusd,7799.67,1.37445898,2019-05-17,BTC / USD
bitstamp,2019-05-17T01:24:31.039745Z,btcusd,7799.65,0.15088498,2019-05-17,BTC / USD
bitstamp,2019-05-17T01:24:32.212406Z,btcusd,7799.65,2e-08,2019-05-17,BTC / USD
bitstamp,2019-05-17T01:24:35.000630Z,btcusd,7793.58,0.00687498,2019-05-17,BTC / USD
bitstamp,2019-05-17T01:24:35.098135Z,btcusd,7793.56,0.053275,2019-05-17,BTC / USD
bitstamp,2019-05-17T01:24:35.190582Z,btcusd,7792.15,0.00733338,2019-05-17,BTC / USD
bitstamp,2019-05-17T01:24:35.372919Z,btcusd,7792.14,1.63793236,2019-05-17,BTC / USD
bitstamp,2019-05-17T01:24:35.463692Z,btcusd,7792.14,1.70874454,2019-05-17,BTC / USD
bitstamp,2019-05-17T01:24:36.357761Z,btcusd,7792.14,2.05457467,2019-05-17,BTC / USD
bitstamp,2019-05-17T01:24:36.656937Z,btcusd,7792.14,2.31071173,2019-05-17,BTC / USD
bitstamp,2019-05-17T01:24:37.362629Z,btcusd,7792.14,4.8380367,2019-05-17,BTC / USD
bitstamp,2019-05-17T01:24:38.153543Z,btcusd,7792.12,0.044096,2019-05-17,BTC / USD
bitstamp,2019-05-17T01:24:39.224423Z,btcusd,7786.48,0.019213,2019-05-17,BTC / USD
bitstamp,2019-05-17T01:24:40.478618Z,btcusd,7784.85,0.00191795,2019-05-17,BTC / USD
bitstamp,2019-05-17T01:24:42.589691Z,btcusd,7795.92,0.02,2019-05-17,BTC / USD
bitstamp,2019-05-17T01:24:42.749688Z,btcusd,7795.93,0.01,2019-05-17,BTC / USD
bitstamp,2019-05-17T01:24:49.464162Z,btcusd,7785.8,0.00192041,2019-05-17,BTC / USD
bitstamp,2019-05-17T01:24:50.288103Z,btcusd,7783.17,0.6,2019-05-17,BTC / USD
bitstamp,2019-05-17T01:24:51.768106Z,btcusd,7785.8,2.94606603,2019-05-17,BTC / USD
bitstamp,2019-05-17T01:24:51.943300Z,btcusd,7785.96,3.99613397,2019-05-17,BTC / USD
bitstamp,2019-05-17T01:24:54.138541Z,btcusd,7786.66,0.4,2019-05-17,BTC / USD
bitstamp,2019-05-17T01:24:54.221127Z,btcusd,7786.27,0.2,2019-05-17,BTC / USD
bitstamp,2019-05-17T01:24:56.264709Z,btcusd,7791.96,0.0779271,2019-05-17,BTC / USD
bitstamp,2019-05-17T01:24:56.341779Z,btcusd,7793.2,0.20090671,2019-05-17,BTC / USD
bitstamp,2019-05-17T01:24:56.481792Z,btcusd,7793.99,0.05548798,2019-05-17,BTC / USD
bitstamp,2019-05-17T01:25:00.213537Z,btcusd,7802.45,0.08783718,2019-05-17,BTC / USD
bitstamp,2019-05-17T01:25:00.299344Z,btcusd,7806.77,0.31216282,2019-05-17,BTC / USD
bitstamp,2019-05-17T01:25:00.439381Z,btcusd,7807,0.01591581,2019-05-17,BTC / USD
bitstamp,2019-05-17T01:25:00.533529Z,btcusd,7807.88,0.621,2019-05-17,BTC / USD
bitstamp,2019-05-17T01:25:02.340464Z,btcusd,7804.85,0.4,2019-05-17,BTC / USD
bitstamp,2019-05-17T01:25:08.468002Z,btcusd,7804.85,0.014,2019-05-17,BTC / USD
bitstamp,2019-05-17T01:25:09.399755Z,btcusd,7804.85,0.00093218,2019-05-17,BTC / USD
bitstamp,2019-05-17T01:25:29.209342Z,btcusd,7818.22,0.8,2019-05-17,BTC / USD
bitstamp,2019-05-17T01:25:31.457181Z,btcusd,7819.2,0.0608,2019-05-17,BTC / USD
bitstamp,2019-05-17T01:25:35.096060Z,btcusd,7824.45,0.00312647,2019-05-17,BTC / USD
bitstamp,2019-05-17T01:25:37.369741Z,btcusd,7826.79,1,2019-05-17,BTC / USD
bitstamp,2019-05-17T01:25:39.268923Z,btcusd,7826.79,1.5,2019-05-17,BTC / USD
bitstamp,2019-05-17T01:25:39.359624Z,btcusd,7826.73,1,2019-05-17,BTC / USD
bitstamp,2019-05-17T01:25:41.928769Z,btcusd,7823.97,0.01715611,2019-05-17,BTC / USD
bitstamp,2019-05-17T01:25:44.418819Z,btcusd,7814.41,0.06624783,2019-05-17,BTC / USD
bitstamp,2019-05-17T01:25:44.507678Z,btcusd,7814.41,0.01188987,2019-05-17,BTC / USD
bitstamp,2019-05-17T01:25:47.960264Z,btcusd,7814.71,0.27378767,2019-05-17,BTC / USD
bitstamp,2019-05-17T01:25:50.735597Z,btcusd,7817.76,2.4218623,2019-05-17,BTC / USD
bitstamp,2019-05-17T01:25:55.379265Z,btcusd,7817.77,1.15389563,2019-05-17,BTC / USD
bitstamp,2019-05-17T01:26:02.633389Z,btcusd,7820.38,1.34610437,2019-05-17,BTC / USD
bitstamp,2019-05-17T01:26:02.888109Z,btcusd,7820.32,0.67289563,2019-05-17,BTC / USD
bitstamp,2019-05-17T01:26:08.403845Z,btcusd,7820.38,1.8271,2019-05-17,BTC / USD
bitstamp,2019-05-17T01:26:09.105554Z,btcusd,7817.8,0.02,2019-05-17,BTC / USD
bitstamp,2019-05-17T01:26:09.275985Z,btcusd,7817.8,0.01254904,2019-05-17,BTC / USD
bitstamp,2019-05-17T01:26:09.735709Z,btcusd,7817.8,0.014,2019-05-17,BTC / USD
bitstamp,2019-05-17T01:26:10.055712Z,btcusd,7817.8,0.02790582,2019-05-17,BTC / USD
bitstamp,2019-05-17T01:26:10.722106Z,btcusd,7815,0.02,2019-05-17,BTC / USD
bitstamp,2019-05-17T01:26:18.264711Z,btcusd,7812.07,0.02615552,2019-05-17,BTC / USD
bitstamp,2019-05-17T01:26:20.623831Z,btcusd,7814.54,0.2278308,2019-05-17,BTC / USD
bitstamp,2019-05-17T01:26:24.332760Z,btcusd,7800.1,1.9994999,2019-05-17,BTC / USD
bitstamp,2019-05-17T01:26:27.677967Z,btcusd,7800.36,0.2279,2019-05-17,BTC / USD
bitstamp,2019-05-17T01:26:31.387878Z,btcusd,7800.35,0.02207836,2019-05-17,BTC / USD
bitstamp,2019-05-17T01:26:38.588257Z,btcusd,7793.56,1,2019-05-17,BTC / USD
bitstamp,2019-05-17T01:26:38.681766Z,btcusd,7793.54,0.57908258,2019-05-17,BTC / USD
bitstamp,2019-05-17T01:26:38.771954Z,btcusd,7793.54,1.47549042,2019-05-17,BTC / USD
bitstamp,2019-05-17T01:26:41.376060Z,btcusd,7793.51,1.5,2019-05-17,BTC / USD
bitstamp,2019-05-17T01:26:41.538704Z,btcusd,7793.5,0.23503837,2019-05-17,BTC / USD
bitstamp,2019-05-17T01:26:42.293639Z,btcusd,7794.57,1.5,2019-05-17,BTC / USD
bitstamp,2019-05-17T01:26:42.383650Z,btcusd,7793.51,0.76496163,2019-05-17,BTC / USD
bitstamp,2019-05-17T01:26:42.556223Z,btcusd,7793.51,0.23503837,2019-05-17,BTC / USD
bitstamp,2019-05-17T01:26:50.530249Z,btcusd,7796.75,2.5,2019-05-17,BTC / USD
bitstamp,2019-05-17T01:26:55.116774Z,btcusd,7797.21,0.32006685,2019-05-17,BTC / USD
bitstamp,2019-05-17T01:26:59.237707Z,btcusd,7797.21,0.02352789,2019-05-17,BTC / USD
bitstamp,2019-05-17T01:27:00.367948Z,btcusd,7797.21,0.01729781,2019-05-17,BTC / USD
bitstamp,2019-05-17T01:27:00.618317Z,btcusd,7798.54,0.04124728,2019-05-17,BTC / USD
bitstamp,2019-05-17T01:27:01.538713Z,btcusd,7797.21,0.24513481,2019-05-17,BTC / USD
bitstamp,2019-05-17T01:27:02.285205Z,btcusd,7798.96,0.026936,2019-05-17,BTC / USD
bitstamp,2019-05-17T01:27:02.532011Z,btcusd,7798.96,0.02415301,2019-05-17,BTC / USD
bitstamp,2019-05-17T01:27:04.286248Z,btcusd,7798.96,0.01465245,2019-05-17,BTC / USD
bitstamp,2019-05-17T01:27:05.633054Z,btcusd,7800.43,0.02,2019-05-17,BTC / USD
bitstamp,2019-05-17T01:27:06.783356Z,btcusd,7803.09,0.00995841,2019-05-17,BTC / USD
bitstamp,2019-05-17T01:27:12.563757Z,btcusd,7805.5,0.02923429,2019-05-17,BTC / USD
bitstamp,2019-05-17T01:27:13.575995Z,btcusd,7810.8,0.01758141,2019-05-17,BTC / USD
bitstamp,2019-05-17T01:27:21.370182Z,btcusd,7800.09,0.01179529,2019-05-17,BTC / USD
bitstamp,2019-05-17T01:27:32.909879Z,btcusd,7808.2,0.02,2019-05-17,BTC / USD
bitstamp,2019-05-17T01:27:35.247463Z,btcusd,7808.2,0.96,2019-05-17,BTC / USD
bitstamp,2019-05-17T01:27:35.874401Z,btcusd,7808.2,1.52,2019-05-17,BTC / USD
bitstamp,2019-05-17T01:27:47.665997Z,btcusd,7799.55,0.012811,2019-05-17,BTC / USD
bitstamp,2019-05-17T01:27:56.049741Z,btcusd,7792.76,1.739494,2019-05-17,BTC / USD
bitstamp,2019-05-17T01:27:57.192500Z,btcusd,7790.64,0.00096159,2019-05-17,BTC / USD
bitstamp,2019-05-17T01:28:07.205497Z,btcusd,7793.73,4,2019-05-17,BTC / USD
bitstamp,2019-05-17T01:28:14.580863Z,btcusd,7792.66,0.00146171,2019-05-17,BTC / USD
bitstamp,2019-05-17T01:28:14.671751Z,btcusd,7793.23,0.01853829,2019-05-17,BTC / USD
bitstamp,2019-05-17T01:28:14.897253Z,btcusd,7793.23,0.02,2019-05-17,BTC / USD
bitstamp,2019-05-17T01:28:17.618697Z,btcusd,7793.23,0.09071395,2019-05-17,BTC / USD
bitstamp,2019-05-17T01:28:20.745623Z,btcusd,7796.1,0.21342415,2019-05-17,BTC / USD
bitstamp,2019-05-17T01:28:21.337670Z,btcusd,7795.23,0.1946383,2019-05-17,BTC / USD
bitstamp,2019-05-17T01:28:21.426177Z,btcusd,7794.49,0.14611475,2019-05-17,BTC / USD
bitstamp,2019-05-17T01:28:22.026869Z,btcusd,7794.49,0.1156,2019-05-17,BTC / USD
bitstamp,2019-05-17T01:28:22.837471Z,btcusd,7796.1,0.20657585,2019-05-17,BTC / USD
bitstamp,2019-05-17T01:28:23.195967Z,btcusd,7796.1,0.24962415,2019-05-17,BTC / USD
bitstamp,2019-05-17T01:28:23.756590Z,btcusd,7800.85,0.0127063,2019-05-17,BTC / USD
bitstamp,2019-05-17T01:28:33.501981Z,btcusd,7796.08,0.07096364,2019-05-17,BTC / USD
bitstamp,2019-05-17T01:28:33.807723Z,btcusd,7796.08,2.92903636,2019-05-17,BTC / USD
bitstamp,2019-05-17T01:28:39.781568Z,btcusd,7792.25,1,2019-05-17,BTC / USD
bitstamp,2019-05-17T01:28:43.806843Z,btcusd,7790.9,0.03522374,2019-05-17,BTC / USD
bitstamp,2019-05-17T01:28:57.320595Z,btcusd,7784,0.00734106,2019-05-17,BTC / USD
bitstamp,2019-05-17T01:28:57.775195Z,btcusd,7782.47,0.01370332,2019-05-17,BTC / USD
bitstamp,2019-05-17T01:29:01.104930Z,btcusd,7789.74,0.00320656,2019-05-17,BTC / USD
bitstamp,2019-05-17T01:29:07.910519Z,btcusd,7789.68,0.002128,2019-05-17,BTC / USD
bitstamp,2019-05-17T01:29:08.517839Z,btcusd,7789.68,0.0115728,2019-05-17,BTC / USD
bitstamp,2019-05-17T01:29:09.577509Z,btcusd,7789.68,0.186337,2019-05-17,BTC / USD
bitstamp,2019-05-17T01:29:30.101659Z,btcusd,7790,0.07183757,2019-05-17,BTC / USD
bitstamp,2019-05-17T01:29:30.278923Z,btcusd,7791.07,0.4,2019-05-17,BTC / USD
bitstamp,2019-05-17T01:29:34.952271Z,btcusd,7804.64,1,2019-05-17,BTC / USD
bitstamp,2019-05-17T01:29:35.039528Z,btcusd,7804.34,0.5,2019-05-17,BTC / USD
bitstamp,2019-05-17T01:29:35.341765Z,btcusd,7804.34,1.02308491,2019-05-17,BTC / USD
bitstamp,2019-05-17T01:29:37.709129Z,btcusd,7801.5,0.3364,2019-05-17,BTC / USD
bitstamp,2019-05-17T01:29:40.518483Z,btcusd,7801.5,0.02,2019-05-17,BTC / USD
bitstamp,2019-05-17T01:29:40.636945Z,btcusd,7801.5,0.00199588,2019-05-17,BTC / USD
bitstamp,2019-05-17T01:29:46.601240Z,btcusd,7802.49,0.16090799,2019-05-17,BTC / USD
bitstamp,2019-05-17T01:29:53.896909Z,btcusd,7793.06,0.05,2019-05-17,BTC / USD
bitstamp,2019-05-17T01:30:00.989323Z,btcusd,7802.99,0.04396945,2019-05-17,BTC / USD
bitstamp,2019-05-17T01:30:01.104229Z,btcusd,7802.99,1.81403055,2019-05-17,BTC / USD
bitstamp,2019-05-17T01:30:15.407196Z,btcusd,7797.41,0.139263,2019-05-17,BTC / USD
bitstamp,2019-05-17T01:30:19.343989Z,btcusd,7805.49,0.01379868,2019-05-17,BTC / USD
bitstamp,2019-05-17T01:30:21.052846Z,btcusd,7797.78,0.08308608,2019-05-17,BTC / USD
bitstamp,2019-05-17T01:30:21.231123Z,btcusd,7797.75,0.1109,2019-05-17,BTC / USD
bitstamp,2019-05-17T01:30:21.307987Z,btcusd,7797.75,0.02,2019-05-17,BTC / USD
bitstamp,2019-05-17T01:30:21.439118Z,btcusd,7797.75,0.02501606,2019-05-17,BTC / USD
bitstamp,2019-05-17T01:30:22.303628Z,btcusd,7807.67,0.519,2019-05-17,BTC / USD
bitstamp,2019-05-17T01:30:22.826441Z,btcusd,7808.41,3.2007,2019-05-17,BTC / USD
bitstamp,2019-05-17T01:30:23.052352Z,btcusd,7810,1.14225559,2019-05-17,BTC / USD
bitstamp,2019-05-17T01:30:23.541254Z,btcusd,7810,0.08213958,2019-05-17,BTC / USD
bitstamp,2019-05-17T01:30:23.833120Z,btcusd,7811.71,0.04667557,2019-05-17,BTC / USD
bitstamp,2019-05-17T01:30:33.665061Z,btcusd,7816.19,0.02,2019-05-17,BTC / USD
bitstamp,2019-05-17T01:30:45.902716Z,btcusd,7821.61,0.00359893,2019-05-17,BTC / USD
bitstamp,2019-05-17T01:30:46.581620Z,btcusd,7821.61,0.01457767,2019-05-17,BTC / USD
bitstamp,2019-05-17T01:30:49.629728Z,btcusd,7809.77,1,2019-05-17,BTC / USD
bitstamp,2019-05-17T01:30:51.267696Z,btcusd,7816.26,0.16743857,2019-05-17,BTC / USD
bitstamp,2019-05-17T01:31:01.270011Z,btcusd,7817.64,3.17243689,2019-05-17,BTC / USD
bitstamp,2019-05-17T01:31:09.259318Z,btcusd,7826.35,0.00751202,2019-05-17,BTC / USD
bitstamp,2019-05-17T01:31:14.012245Z,btcusd,7819.51,0.15108731,2019-05-17,BTC / USD
bitstamp,2019-05-17T01:31:19.418316Z,btcusd,7822.48,0.0150889,2019-05-17,BTC / USD
bitstamp,2019-05-17T01:31:24.057720Z,btcusd,7828.06,0.00075445,2019-05-17,BTC / USD
bitstamp,2019-05-17T01:31:24.144089Z,btcusd,7830.89,0.00720255,2019-05-17,BTC / USD
bitstamp,2019-05-17T01:31:37.956161Z,btcusd,7830.89,0.00142,2019-05-17,BTC / USD
bitstamp,2019-05-17T01:31:44.184028Z,btcusd,7830.89,0.01385255,2019-05-17,BTC / USD
bitstamp,2019-05-17T01:31:44.465061Z,btcusd,7830.89,0.0160906,2019-05-17,BTC / USD
bitstamp,2019-05-17T01:31:55.265946Z,btcusd,7832.95,1,2019-05-17,BTC / USD
bitstamp,2019-05-17T01:31:55.358557Z,btcusd,7832.97,1.69653363,2019-05-17,BTC / USD
bitstamp,2019-05-17T01:31:59.611912Z,btcusd,7841.36,0.01002012,2019-05-17,BTC / USD
bitstamp,2019-05-17T01:31:59.701127Z,btcusd,7842.11,1,2019-05-17,BTC / USD
bitstamp,2019-05-17T01:31:59.799103Z,btcusd,7842.31,0.01509951,2019-05-17,BTC / USD
bitstamp,2019-05-17T01:32:02.455095Z,btcusd,7841.35,1,2019-05-17,BTC / USD
bitstamp,2019-05-17T01:32:07.453627Z,btcusd,7833.06,0.05518392,2019-05-17,BTC / USD
bitstamp,2019-05-17T01:32:07.527819Z,btcusd,7833.05,0.0751204,2019-05-17,BTC / USD
bitstamp,2019-05-17T01:32:07.616610Z,btcusd,7833.05,0.91769568,2019-05-17,BTC / USD
bitstamp,2019-05-17T01:32:09.117057Z,btcusd,7834.3,0.08054314,2019-05-17,BTC / USD
bitstamp,2019-05-17T01:32:13.157819Z,btcusd,7832.81,0.4,2019-05-17,BTC / USD
bitstamp,2019-05-17T01:32:13.336646Z,btcusd,7832.81,0.4,2019-05-17,BTC / USD
bitstamp,2019-05-17T01:32:13.721537Z,btcusd,7832.81,0.4,2019-05-17,BTC / USD
bitstamp,2019-05-17T01:32:19.128851Z,btcusd,7832.84,0.07259769,2019-05-17,BTC / USD
bitstamp,2019-05-17T01:32:20.940952Z,btcusd,7825.84,1,2019-05-17,BTC / USD
bitstamp,2019-05-17T01:32:21.021774Z,btcusd,7825.83,1.32244851,2019-05-17,BTC / USD
bitstamp,2019-05-17T01:32:33.135505Z,btcusd,7825.86,0.06414057,2019-05-17,BTC / USD
bitstamp,2019-05-17T01:32:43.985634Z,btcusd,7824.25,0.06414057,2019-05-17,BTC / USD
bitstamp,2019-05-17T01:32:44.073223Z,btcusd,7824.25,0.01822871,2019-05-17,BTC / USD
bitstamp,2019-05-17T01:32:49.166127Z,btcusd,7824.25,0.02491547,2019-05-17,BTC / USD
bitstamp,2019-05-17T01:32:50.365949Z,btcusd,7824.28,0.05282247,2019-05-17,BTC / USD
bitstamp,2019-05-17T01:32:50.698874Z,btcusd,7824.24,1,2019-05-17,BTC / USD
bitstamp,2019-05-17T01:32:52.158434Z,btcusd,7821.91,0.05786304,2019-05-17,BTC / USD
bitstamp,2019-05-17T01:32:58.937880Z,btcusd,7826.31,0.5,2019-05-17,BTC / USD
bitstamp,2019-05-17T01:32:59.193632Z,btcusd,7826.87,1.88579534,2019-05-17,BTC / USD
bitstamp,2019-05-17T01:32:59.389254Z,btcusd,7818.1,0.03677443,2019-05-17,BTC / USD
bitstamp,2019-05-17T01:33:00.017932Z,btcusd,7826.87,0.01050173,2019-05-17,BTC / USD
bitstamp,2019-05-17T01:33:01.455299Z,btcusd,7818.1,0.01064754,2019-05-17,BTC / USD
bitstamp,2019-05-17T01:33:02.064789Z,btcusd,7818.1,0.00429677,2019-05-17,BTC / USD
bitstamp,2019-05-17T01:33:02.191614Z,btcusd,7818.1,0.02117235,2019-05-17,BTC / USD
bitstamp,2019-05-17T01:33:10.201194Z,btcusd,7826.87,0.00266,2019-05-17,BTC / USD
bitstamp,2019-05-17T01:33:10.299737Z,btcusd,7826.87,0.00892915,2019-05-17,BTC / USD
bitstamp,2019-05-17T01:33:10.712762Z,btcusd,7826.87,0.00769231,2019-05-17,BTC / USD
bitstamp,2019-05-17T01:33:17.235047Z,btcusd,7830.57,0.01375454,2019-05-17,BTC / USD
bitstamp,2019-05-17T01:33:26.506048Z,btcusd,7826.9,0.01605048,2019-05-17,BTC / USD
bitstamp,2019-05-17T01:33:31.418436Z,btcusd,7832.54,0.02739468,2019-05-17,BTC / USD
bitstamp,2019-05-17T01:33:31.576007Z,btcusd,7826.9,0.0321556,2019-05-17,BTC / USD
bitstamp,2019-05-17T01:33:31.661999Z,btcusd,7826.87,0.03987469,2019-05-17,BTC / USD
bitstamp,2019-05-17T01:33:37.027456Z,btcusd,7832.69,1.048,2019-05-17,BTC / USD
bitstamp,2019-05-17T01:33:45.431449Z,btcusd,7837.07,0.03024158,2019-05-17,BTC / USD
bitstamp,2019-05-17T01:33:45.572855Z,btcusd,7837.07,0.00787029,2019-05-17,BTC / USD
bitstamp,2019-05-17T01:33:48.050090Z,btcusd,7832.5,0.03412776,2019-05-17,BTC / USD
bitstamp,2019-05-17T01:33:53.263294Z,btcusd,7828.77,0.68904594,2019-05-17,BTC / USD
bitstamp,2019-05-17T01:34:21.470608Z,btcusd,7831.83,0.05081069,2019-05-17,BTC / USD
bitstamp,2019-05-17T01:34:31.084322Z,btcusd,7831.83,0.01823742,2019-05-17,BTC / USD
bitstamp,2019-05-17T01:34:34.263805Z,btcusd,7831.66,0.01975117,2019-05-17,BTC / USD
bitstamp,2019-05-17T01:34:34.347110Z,btcusd,7831.66,0.68110916,2019-05-17,BTC / USD
bitstamp,2019-05-17T01:34:37.229130Z,btcusd,7831.83,0.07449895,2019-05-17,BTC / USD
bitstamp,2019-05-17T01:34:41.677744Z,btcusd,7827,0.04043346,2019-05-17,BTC / USD
bitstamp,2019-05-17T01:34:51.883740Z,btcusd,7827.03,0.0196744,2019-05-17,BTC / USD
bitstamp,2019-05-17T01:34:52.791473Z,btcusd,7827.74,0.4658,2019-05-17,BTC / USD
bitstamp,2019-05-17T01:34:52.871134Z,btcusd,7827.03,0.0157524,2019-05-17,BTC / USD
bitstamp,2019-05-17T01:34:52.953629Z,btcusd,7827.03,0.92254393,2019-05-17,BTC / USD
bitstamp,2019-05-17T01:34:53.080181Z,btcusd,7827.03,0.01570848,2019-05-17,BTC / USD
bitstamp,2019-05-17T01:35:08.729276Z,btcusd,7831.83,0.12337807,2019-05-17,BTC / USD
bitstamp,2019-05-17T01:35:12.290335Z,btcusd,7831.83,0.12772715,2019-05-17,BTC / USD
bitstamp,2019-05-17T01:35:12.377252Z,btcusd,7832.3,1.048,2019-05-17,BTC / USD
bitstamp,2019-05-17T01:35:15.115820Z,btcusd,7840,0.01450027,2019-05-17,BTC / USD
bitstamp,2019-05-17T01:35:29.422150Z,btcusd,7840.03,0.03772883,2019-05-17,BTC / USD
bitstamp,2019-05-17T01:35:29.509510Z,btcusd,7840,0.59459438,2019-05-17,BTC / USD
bitstamp,2019-05-17T01:35:29.619276Z,btcusd,7837.1,0.41567679,2019-05-17,BTC / USD
bitstamp,2019-05-17T01:35:38.306964Z,btcusd,7842.05,0.03382755,2019-05-17,BTC / USD
bitstamp,2019-05-17T01:35:39.133Z,btcusd,7838.08,0.02,2019-05-17,BTC / USD
bitstamp,2019-05-17T01:35:39.218993Z,btcusd,7837.59,0.04132252,2019-05-17,BTC / USD
bitstamp,2019-05-17T01:35:42.217525Z,btcusd,7837.59,1.048,2019-05-17,BTC / USD
bitstamp,2019-05-17T01:35:53.512710Z,btcusd,7838.06,1,2019-05-17,BTC / USD
bitstamp,2019-05-17T01:35:53.594746Z,btcusd,7838.05,0.048,2019-05-17,BTC / USD
bitstamp,2019-05-17T01:36:05.269627Z,btcusd,7838.08,0.03134719,2019-05-17,BTC / USD
bitstamp,2019-05-17T01:36:05.366Z,btcusd,7838.08,0.02093609,2019-05-17,BTC / USD
bitstamp,2019-05-17T01:36:05.457835Z,btcusd,7837.59,0.99571672,2019-05-17,BTC / USD
bitstamp,2019-05-17T01:36:18.279739Z,btcusd,7837.61,0.02,2019-05-17,BTC / USD
bitstamp,2019-05-17T01:36:18.517233Z,btcusd,7835.19,0.2625,2019-05-17,BTC / USD
bitstamp,2019-05-17T01:36:21.226684Z,btcusd,7837.63,0.03531101,2019-05-17,BTC / USD
bitstamp,2019-05-17T01:36:23.096455Z,btcusd,7837.61,0.007067,2019-05-17,BTC / USD
bitstamp,2019-05-17T01:36:30.247619Z,btcusd,7832.29,0.02569227,2019-05-17,BTC / USD
bitstamp,2019-05-17T01:36:34.259979Z,btcusd,7829.8,0.02,2019-05-17,BTC / USD
bitstamp,2019-05-17T01:36:34.806293Z,btcusd,7829.16,0.01625586,2019-05-17,BTC / USD
bitstamp,2019-05-17T01:36:35.469699Z,btcusd,7830.48,0.02854327,2019-05-17,BTC / USD
bitstamp,2019-05-17T01:36:40.198597Z,btcusd,7829.83,0.03231622,2019-05-17,BTC / USD
bitstamp,2019-05-17T01:36:52.071939Z,btcusd,7824.82,0.02780917,2019-05-17,BTC / USD
bitstamp,2019-05-17T01:37:05.641565Z,btcusd,7827.15,0.00099199,2019-05-17,BTC / USD
bitstamp,2019-05-17T01:37:19.760310Z,btcusd,7836.04,0.5,2019-05-17,BTC / USD
bitstamp,2019-05-17T01:37:19.846983Z,btcusd,7837.61,1.17950507,2019-05-17,BTC / USD
bitstamp,2019-05-17T01:37:20.193693Z,btcusd,7839.19,0.0551843,2019-05-17,BTC / USD
bitstamp,2019-05-17T01:37:24.569849Z,btcusd,7839,0.11,2019-05-17,BTC / USD
bitstamp,2019-05-17T01:37:26.293666Z,btcusd,7835.66,1.1829739,2019-05-17,BTC / USD
bitstamp,2019-05-17T01:37:27.295850Z,btcusd,7835.57,0.01089938,2019-05-17,BTC / USD
bitstamp,2019-05-17T01:37:28.717837Z,btcusd,7835.56,0.02,2019-05-17,BTC / USD
bitstamp,2019-05-17T01:37:30.576997Z,btcusd,7836.83,0.07505628,2019-05-17,BTC / USD
bitstamp,2019-05-17T01:37:32.024125Z,btcusd,7836.23,0.00499852,2019-05-17,BTC / USD
bitstamp,2019-05-17T01:38:33.120226Z,btcusd,7828.84,0.02649076,2019-05-17,BTC / USD
bitstamp,2019-05-17T01:38:34.118300Z,btcusd,7829.65,0.0446731,2019-05-17,BTC / USD
bitstamp,2019-05-17T01:38:36.894730Z,btcusd,7825.59,0.02327138,2019-05-17,BTC / USD
bitstamp,2019-05-17T01:38:45.446441Z,btcusd,7825.66,0.00328405,2019-05-17,BTC / USD
bitstamp,2019-05-17T01:38:45.684254Z,btcusd,7825.66,0.00425306,2019-05-17,BTC / USD
bitstamp,2019-05-17T01:38:53.941973Z,btcusd,7815.89,1.843544,2019-05-17,BTC / USD
bitstamp,2019-05-17T01:38:56.176897Z,btcusd,7811.2,0.01126505,2019-05-17,BTC / USD
bitstamp,2019-05-17T01:38:57.436588Z,btcusd,7804.68,7,2019-05-17,BTC / USD
bitstamp,2019-05-17T01:39:00.688016Z,btcusd,7808.23,1,2019-05-17,BTC / USD
bitstamp,2019-05-17T01:39:08.739986Z,btcusd,7804.52,0.5,2019-05-17,BTC / USD
bitstamp,2019-05-17T01:39:08.938336Z,btcusd,7804.52,0.02,2019-05-17,BTC / USD
bitstamp,2019-05-17T01:39:09.129511Z,btcusd,7804.52,0.48,2019-05-17,BTC / USD
bitstamp,2019-05-17T01:39:37.595873Z,btcusd,7810.33,0.01247102,2019-05-17,BTC / USD
bitstamp,2019-05-17T01:39:48.127797Z,btcusd,7809.87,0.03033341,2019-05-17,BTC / USD
bitstamp,2019-05-17T01:39:49.538220Z,btcusd,7809.87,0.12218023,2019-05-17,BTC / USD
bitstamp,2019-05-17T01:39:51.097613Z,btcusd,7809.87,0.03491936,2019-05-17,BTC / USD
bitstamp,2019-05-17T01:39:51.483504Z,btcusd,7809.04,0.2019798,2019-05-17,BTC / USD
bitstamp,2019-05-17T01:39:51.822623Z,btcusd,7809.04,0.17110235,2019-05-17,BTC / USD
bitstamp,2019-05-17T01:39:52.175170Z,btcusd,7809.04,0.08141035,2019-05-17,BTC / USD
bitstamp,2019-05-17T01:39:52.590162Z,btcusd,7809.04,0.03749474,2019-05-17,BTC / USD
bitstamp,2019-05-17T01:39:52.676607Z,btcusd,7809.04,0.088906,2019-05-17,BTC / USD
bitstamp,2019-05-17T01:39:52.871316Z,btcusd,7809.04,0.08946045,2019-05-17,BTC / USD
bitstamp,2019-05-17T01:39:53.095517Z,btcusd,7809.04,0.06625075,2019-05-17,BTC / USD
